timestamp,exchange,price,volume,is_missing_price,is_negative_price,is_zero_volume,z_score,is_outlier_z,is_outlier_iqr,gap_seconds,is_gap_large,is_anomaly
2025-06-01 09:30:00.000000000,BATS,150.000506714153,288,False,False,False,0.06357158891670717,False,False,0.0,False,False
2025-06-01 09:30:01.170058502,NASDAQ,150.00037844985184,81,False,False,False,0.06357259981505912,False,False,1.170058502,False,False
2025-06-01 09:30:02.340117005,NASDAQ,150.00103613838994,18,False,False,False,0.0635674163286704,False,False,1.170058503,False,False
2025-06-01 09:30:03.510175508,NASDAQ,150.00256916824634,196,False,False,False,0.06355533395390808,False,False,1.170058503,False,False
2025-06-01 09:30:04.680234011,NYSE,150.00234501487162,291,False,False,False,0.06355710058948028,False,False,1.170058503,False,False
2025-06-01 09:30:05.850292514,NYSE,150.00212087791468,360,False,False,False,0.06355886709565794,False,False,1.170058503,False,False
2025-06-01 09:30:07.020351017,NASDAQ,150.00371009073018,356,False,False,False,0.06354634192223503,False,False,1.170058503,False,False
2025-06-01 09:30:08.190409520,NYSE,150.00448752545933,279,False,False,False,0.0635402146718677,False,False,1.170058503,False,False
2025-06-01 09:30:09.360468023,NYSE,150.0040280510734,463,False,False,False,0.06354383595928187,False,False,1.170058503,False,False
2025-06-01 09:30:10.530526526,NASDAQ,150.00458061111698,397,False,False,False,0.06353948102940402,False,False,1.170058503,False,False
2025-06-01 09:30:11.700585029,NASDAQ,150.00412719342418,462,False,False,False,0.06354305458178158,False,False,1.170058503,False,False
2025-06-01 09:30:12.870643532,NASDAQ,150.0036714636706,254,False,False,False,0.06354664635636452,False,False,1.170058503,False,False
2025-06-01 09:30:14.040702035,BATS,,142,True,False,False,,False,False,1.170058503,False,True
2025-06-01 09:30:15.210760538,NASDAQ,150.00202014569751,165,False,False,False,0.06355966100348259,False,False,1.170058503,False,False
2025-06-01 09:30:16.380819040,ARCA,150.000305227865,5,False,False,False,0.06357317690459337,False,False,1.170058502,False,False
2025-06-01 09:30:17.550877543,NYSE,149.99975294033575,251,False,False,False,0.06357752968668501,False,False,1.170058503,False,False
2025-06-01 09:30:18.720936046,NASDAQ,149.99875010921542,150,False,False,False,0.06358543336929663,False,False,1.170058503,False,False
2025-06-01 09:30:19.890994549,NYSE,149.99907435654802,28,False,False,False,0.06358287785625702,False,False,1.170058503,False,False
2025-06-01 09:30:21.061053052,NYSE,149.9981763324725,237,False,False,False,0.06358995551582167,False,False,1.170058503,False,False
2025-06-01 09:30:22.231111555,BATS,149.99677402877117,132,False,False,False,0.0636010075894517,False,False,1.170058503,False,False
2025-06-01 09:30:23.401170058,NYSE,149.9982496775401,306,False,False,False,0.06358937745624253,False,False,1.170058503,False,False
2025-06-01 09:30:24.571228561,NYSE,149.9980339012396,358,False,False,False,0.06359107806899728,False,False,1.170058503,False,False
2025-06-01 09:30:25.741287064,NASDAQ,149.9981114294443,285,False,False,False,0.063590467040569,False,False,1.170058503,False,False
2025-06-01 09:30:25.741287064,NASDAQ,149.9981114294443,285,False,False,False,0.063590467040569,False,False,0.0,False,False
2025-06-01 09:30:26.911345567,NYSE,149.99669668125807,293,False,False,False,0.06360161719378281,False,False,1.170058503,False,False
2025-06-01 09:30:28.081404070,NASDAQ,149.99616229853353,163,False,False,False,0.06360582886149262,False,False,1.170058503,False,False
2025-06-01 09:30:29.251462573,NYSE,149.99628322112326,404,False,False,False,0.0636048758258813,False,False,1.170058503,False,False
2025-06-01 09:30:30.421521076,NYSE,149.99514222754584,419,False,False,False,0.06361386841786915,False,False,1.170058503,False,False
2025-06-01 09:30:31.591579578,BATS,149.99552792556418,227,False,False,False,0.06361082858926885,False,False,1.170058502,False,False
2025-06-01 09:30:32.761638081,NASDAQ,149.99493728687426,468,False,False,False,0.0636154836310287,False,False,1.170058503,False,False
2025-06-01 09:30:33.931696584,NASDAQ,149.99465559312446,130,False,False,False,0.06361770376355845,False,False,1.170058503,False,False
2025-06-01 09:30:35.101755087,NASDAQ,149.99406388651224,372,False,False,False,0.06362236722200865,False,False,1.170058503,False,False
2025-06-01 09:30:36.271813590,BATS,149.99592616469675,58,False,False,False,0.06360768991951318,False,False,1.170058503,False,False
2025-06-01 09:30:37.441872093,BATS,149.995922667472,146,False,False,False,0.0636077174824337,False,False,1.170058503,False,False
2025-06-01 09:30:38.611930596,NYSE,149.99487495654304,478,False,False,False,0.06361597487940047,False,False,1.170058503,False,False
2025-06-01 09:30:39.781989099,NYSE,149.99570750145517,362,False,False,False,0.06360941328531751,False,False,1.170058503,False,False
2025-06-01 09:30:40.952047602,NYSE,149.9944966578052,312,False,False,False,0.06361895639153714,False,False,1.170058503,False,False
2025-06-01 09:30:42.122106105,NYSE,149.9947155214002,122,False,False,False,0.06361723144667353,False,False,1.170058503,False,False
2025-06-01 09:30:43.292164608,NYSE,,192,True,False,False,,False,False,1.170058503,False,True
2025-06-01 09:30:44.462223111,NYSE,149.9914476652274,245,False,False,False,0.06364298662866427,False,False,1.170058503,False,False
2025-06-01 09:30:45.632281614,BATS,149.9916545264633,477,False,False,False,0.06364135627882779,False,False,1.170058503,False,False
2025-06-01 09:30:46.802340117,NASDAQ,149.99240299304327,103,False,False,False,0.06363545733714795,False,False,1.170058503,False,False
2025-06-01 09:30:47.972398619,NYSE,,379,True,False,False,,False,False,1.170058502,False,True
2025-06-01 09:30:49.142457122,NASDAQ,149.9924787130421,436,False,False,False,0.06363486055985826,False,False,1.170058503,False,False
2025-06-01 09:30:50.312515625,BATS,149.9921876093465,250,False,False,False,0.0636371548556478,False,False,1.170058503,False,False
2025-06-01 09:30:51.482574128,NYSE,149.99071908735613,22,False,False,False,0.06364872882008189,False,False,1.170058503,False,False
2025-06-01 09:30:52.652632631,NASDAQ,149.99000924314774,477,False,False,False,0.06365432336458,False,False,1.170058503,False,False
2025-06-01 09:30:53.822691134,NYSE,149.98955860437678,60,False,False,False,0.06365787501524772,False,False,1.170058503,False,False
2025-06-01 09:30:54.992749637,NASDAQ,149.990625726603,238,False,False,False,0.06364946463067454,False,False,1.170058503,False,False
2025-06-01 09:30:56.162808140,NYSE,149.99097934489257,394,False,False,False,0.06364667763427045,False,False,1.170058503,False,False
2025-06-01 09:30:56.162808140,NYSE,149.99097934489257,394,False,False,False,0.06364667763427045,False,False,0.0,False,False
2025-06-01 09:30:57.332866643,NASDAQ,149.9892263047372,340,False,False,False,0.06366049399149404,False,False,1.170058503,False,False
2025-06-01 09:30:58.502925146,NASDAQ,149.9895603887066,384,False,False,False,0.06365786095228516,False,False,1.170058503,False,False
2025-06-01 09:30:59.672983649,NASDAQ,149.98918530642618,336,False,False,False,0.06366081711433233,False,False,1.170058503,False,False
2025-06-01 09:31:00.843042152,NASDAQ,149.98851838442587,134,False,False,False,0.06366607337304854,False,False,1.170058503,False,False
2025-06-01 09:31:02.013100655,NASDAQ,149.9891400607147,337,False,False,False,0.06366117371250304,False,False,1.170058503,False,False
2025-06-01 09:31:03.183159157,NYSE,149.9901810602372,262,False,False,False,0.06365296921061045,False,False,1.170058502,False,False
2025-06-01 09:31:04.353217660,NASDAQ,149.99112234035633,342,False,False,False,0.06364555063418284,False,False,1.170058503,False,False
2025-06-01 09:31:05.523276163,BATS,149.9902931228331,338,False,False,False,0.06365208600388443,False,False,1.170058503,False,False
2025-06-01 09:31:06.693334666,BATS,149.98999391045726,480,False,False,False,0.06365444420717921,False,False,1.170058503,False,False
2025-06-01 09:31:07.863393169,ARCA,149.99033517388864,412,False,False,False,0.06365175458397757,False,False,1.170058503,False,False
2025-06-01 09:31:09.033451672,NYSE,149.99132071901576,42,False,False,False,0.0636439871386657,False,False,1.170058503,False,False
2025-06-01 09:31:10.203510175,NYSE,149.99085154477794,74,False,False,False,0.06364768487419675,False,False,1.170058503,False,False
2025-06-01 09:31:11.373568678,NASDAQ,149.99067588580127,297,False,False,False,0.06364906930749899,False,False,1.170058503,False,False
2025-06-01 09:31:12.543627181,NYSE,149.98957955082724,319,False,False,False,0.0636577099285318,False,False,1.170058503,False,False
2025-06-01 09:31:13.713685684,NYSE,149.9883933442032,22,False,False,False,0.06366705886124664,False,False,1.170058503,False,False
2025-06-01 09:31:14.883744187,NASDAQ,149.98921587002556,220,False,False,False,0.06366057623131216,False,False,1.170058503,False,False
2025-06-01 09:31:16.053802690,NYSE,149.9905821100541,79,False,False,False,0.06364980838881307,False,False,1.170058503,False,False
2025-06-01 09:31:17.223861193,NYSE,149.99052009993255,235,False,False,False,0.06365029711349415,False,False,1.170058503,False,False
2025-06-01 09:31:18.393919695,ARCA,149.99153363283045,157,False,False,False,0.06364230908621914,False,False,1.170058502,False,False
2025-06-01 09:31:19.563978198,NYSE,149.9919052688555,327,False,False,False,0.0636393800853839,False,False,1.170058503,False,False
2025-06-01 09:31:20.734036701,NYSE,149.9912701491009,114,False,False,False,0.06364438569885063,False,False,1.170058503,False,False
2025-06-01 09:31:21.904095204,NYSE,,290,True,False,False,,False,False,1.170058503,False,True
2025-06-01 09:31:23.074153707,BATS,149.99318958127287,96,False,False,False,0.06362925794466126,False,False,1.170058503,False,False
2025-06-01 09:31:24.244212210,BATS,149.99316375523375,130,False,False,False,0.06362946148921846,False,False,1.170058503,False,False
2025-06-01 09:31:25.414270713,NYSE,149.99473839888958,410,False,False,False,0.06361705114072631,False,False,1.170058503,False,False
2025-06-01 09:31:26.584329216,NYSE,149.99212865378547,109,False,False,False,0.06363761950620873,False,False,1.170058503,False,False
2025-06-01 09:31:27.754387719,BATS,149.99296055628986,75,False,False,False,0.06363106297517854,False,False,1.170058503,False,False
2025-06-01 09:31:28.924446222,NYSE,149.9930576033581,473,False,False,False,0.06363029811137427,False,False,1.170058503,False,False
2025-06-01 09:31:30.094504725,ARCA,149.99276859600764,275,False,False,False,0.06363257588509325,False,False,1.170058503,False,False
2025-06-01 09:31:31.264563228,NASDAQ,149.99287035678415,381,False,False,False,0.06363177387081229,False,False,1.170058503,False,False
2025-06-01 09:31:32.434621731,NYSE,149.99089278786957,20,False,False,False,0.06364735982215204,False,False,1.170058503,False,False
2025-06-01 09:31:33.604680234,BATS,149.99068311598174,161,False,False,False,0.06364901232377508,False,False,1.170058503,False,False
2025-06-01 09:31:34.774738736,NYSE,149.99105022855323,209,False,False,False,0.06364611897394877,False,False,1.170058502,False,False
2025-06-01 09:31:35.944797239,NYSE,149.99253812259798,372,False,False,False,0.06363439233119611,False,False,1.170058503,False,False
2025-06-01 09:31:37.114855742,NYSE,149.99202985237972,94,False,False,False,0.06363839819659521,False,False,1.170058503,False,False
2025-06-01 09:31:38.284914245,BATS,149.99123135877682,82,False,False,False,0.06364469141972799,False,False,1.170058503,False,False
2025-06-01 09:31:39.454972748,NYSE,149.99073960173322,352,False,False,False,0.0636485671386958,False,False,1.170058503,False,False
2025-06-01 09:31:40.625031251,NYSE,149.99166500385093,104,False,False,False,0.0636412737026644,False,False,1.170058503,False,False
2025-06-01 09:31:41.795089754,NYSE,149.9920037549606,237,False,False,False,0.06363860387999849,False,False,1.170058503,False,False
2025-06-01 09:31:42.965148257,BATS,149.99148399475683,260,False,False,False,0.06364270030221891,False,False,1.170058503,False,False
2025-06-01 09:31:44.135206760,NYSE,149.99200726218993,160,False,False,False,0.06363857623822813,False,False,1.170058503,False,False
2025-06-01 09:31:45.305265263,NYSE,149.9921143397393,403,False,False,False,0.06363773232049583,False,False,1.170058503,False,False
2025-06-01 09:31:46.475323766,NASDAQ,149.99309298472983,387,False,False,False,0.06363001925771002,False,False,1.170058503,False,False
2025-06-01 09:31:47.645382269,BATS,149.99240093163593,486,False,False,False,0.06363547358386093,False,False,1.170058503,False,False
2025-06-01 09:31:48.815440772,BATS,149.99208326948934,348,False,False,False,0.0636379771966163,False,False,1.170058503,False,False
2025-06-01 09:31:49.985499274,NYSE,149.9917011613362,61,False,False,False,0.06364098873216247,False,False,1.170058502,False,False
2025-06-01 09:31:51.155557777,BATS,149.99024764638807,38,False,False,False,0.06365244442055148,False,False,1.170058503,False,False
2025-06-01 09:31:52.325616280,NASDAQ,149.99055376666513,118,False,False,False,0.06365003177353465,False,False,1.170058503,False,False
2025-06-01 09:31:53.495674783,NYSE,,390,True,False,False,,False,False,1.170058503,False,True
2025-06-01 09:31:54.665733286,BATS,149.99083993539398,312,False,False,False,0.06364777637204148,False,False,1.170058503,False,False
2025-06-01 09:31:55.835791789,NASDAQ,149.9906153482606,168,False,False,False,0.06364954642622593,False,False,1.170058503,False,False
2025-06-01 09:31:57.005850292,NASDAQ,149.98920997751853,377,False,False,False,0.06366062267233741,False,False,1.170058503,False,False
2025-06-01 09:31:58.175908795,ARCA,149.98879933219578,337,False,False,False,0.06366385911986194,False,False,1.170058503,False,False
2025-06-01 09:31:59.345967298,NASDAQ,149.98846661767925,362,False,False,False,0.0636664813659068,False,False,1.170058503,False,False
2025-06-01 09:32:00.516025801,NYSE,149.98767434041002,376,False,False,False,0.06367272559581692,False,False,1.170058503,False,False
2025-06-01 09:32:01.686084304,BATS,149.98752305469836,69,False,False,False,0.06367391793441157,False,False,1.170058503,False,False
2025-06-01 09:32:02.856142807,NYSE,149.98793710555518,83,False,False,False,0.06367065464661463,False,False,1.170058503,False,False
2025-06-01 09:32:04.026201310,NASDAQ,149.9898332914564,235,False,False,False,0.06365571010487475,False,False,1.170058503,False,False
2025-06-01 09:32:05.196259812,NYSE,149.99001786926922,42,False,False,False,0.06365425537892919,False,False,1.170058502,False,False
2025-06-01 09:32:06.366318315,NYSE,149.99028541965993,99,False,False,False,0.06365214671543853,False,False,1.170058503,False,False
2025-06-01 09:32:07.536376818,NASDAQ,149.9902209737442,470,False,False,False,0.06365265463751364,False,False,1.170058503,False,False
2025-06-01 09:32:08.706435321,NASDAQ,149.98831220252887,472,False,False,False,0.06366769836876426,False,False,1.170058503,False,False
2025-06-01 09:32:09.876493824,NASDAQ,149.98829568865344,458,False,False,False,0.06366782852071856,False,False,1.170058503,False,False
2025-06-01 09:32:11.046552327,BATS,149.98836591886337,130,False,False,False,0.06366727501048362,False,False,1.170058503,False,False
2025-06-01 09:32:12.216610830,NYSE,149.99083916097584,28,False,False,False,0.063647782475517,False,False,1.170058503,False,False
2025-06-01 09:32:13.386669333,NASDAQ,149.99065680001107,233,False,False,False,0.06364921972966386,False,False,1.170058503,False,False
2025-06-01 09:32:14.556727836,BATS,149.9909683473534,229,False,False,False,0.06364676430994026,False,False,1.170058503,False,False
2025-06-01 09:32:15.726786339,BATS,149.9909436355837,117,False,False,False,0.06364695907252839,False,False,1.170058503,False,False
2025-06-01 09:32:16.896844842,NASDAQ,149.98978495754608,401,False,False,False,0.0636560910422816,False,False,1.170058503,False,False
2025-06-01 09:32:18.066903345,NYSE,149.99093778036058,326,False,False,False,0.06364700521970536,False,False,1.170058503,False,False
2025-06-01 09:32:19.236961848,NASDAQ,149.99169971339327,107,False,False,False,0.06364100014393576,False,False,1.170058503,False,False
2025-06-01 09:32:20.407020351,NASDAQ,149.99250074534032,379,False,False,False,0.06363468691517482,False,False,1.170058503,False,False
2025-06-01 09:32:21.577078853,NYSE,149.99160135788554,325,False,False,False,0.06364177532003515,False,False,1.170058502,False,False
2025-06-01 09:32:22.747137356,NASDAQ,149.99301415219648,295,False,False,False,0.06363064056603444,False,False,1.170058503,False,False
2025-06-01 09:32:23.917195859,NYSE,149.99162230113367,391,False,False,False,0.06364161025855797,False,False,1.170058503,False,False
2025-06-01 09:32:25.087254362,ARCA,149.99221915822747,160,False,False,False,0.06363690620725938,False,False,1.170058503,False,False
2025-06-01 09:32:26.257312865,BATS,149.9944196138533,4,False,False,False,0.06361956360339031,False,False,1.170058503,False,False
2025-06-01 09:32:27.427371368,NYSE,,149,True,False,False,,False,False,1.170058503,False,True
2025-06-01 09:32:28.597429871,NYSE,149.99288277979855,234,False,False,False,0.06363167596044544,False,False,1.170058503,False,False
2025-06-01 09:32:29.767488374,BATS,149.99299243116363,254,False,False,False,0.0636308117575204,False,False,1.170058503,False,False
2025-06-01 09:32:30.937546877,BATS,149.99249895550952,416,False,False,False,0.06363470102149274,False,False,1.170058503,False,False
2025-06-01 09:32:32.107605380,ARCA,149.99095829207846,248,False,False,False,0.06364684355927756,False,False,1.170058503,False,False
2025-06-01 09:32:33.277663883,NYSE,149.99103685505327,338,False,False,False,0.06364622437544361,False,False,1.170058503,False,False
2025-06-01 09:32:34.447722386,NYSE,149.98998455133955,353,False,False,False,0.06365451796984416,False,False,1.170058503,False,False
2025-06-01 09:32:35.617780889,ARCA,149.99046814377016,398,False,False,False,0.06365070659920812,False,False,1.170058503,False,False
2025-06-01 09:32:36.787839391,NYSE,149.98955871953595,70,False,False,False,0.06365787410763578,False,False,1.170058502,False,False
2025-06-01 09:32:37.957897894,BATS,149.99111865394096,203,False,False,False,0.06364557968818452,False,False,1.170058503,False,False
2025-06-01 09:32:39.127956397,NYSE,149.9903454006486,302,False,False,False,0.0636516739831034,False,False,1.170058503,False,False
2025-06-01 09:32:40.298014900,BATS,149.99003333913242,148,False,False,False,0.0636541334552211,False,False,1.170058503,False,False
2025-06-01 09:32:41.468073403,NYSE,149.99085685634978,221,False,False,False,0.06364764301173642,False,False,1.170058503,False,False
2025-06-01 09:32:42.638131906,NASDAQ,149.98963599203336,186,False,False,False,0.06365726509453105,False,False,1.170058503,False,False
2025-06-01 09:32:43.808190409,NASDAQ,149.98987345196795,355,False,False,False,0.06365539358504359,False,False,1.170058503,False,False
2025-06-01 09:32:44.978248912,ARCA,149.99119059472224,336,False,False,False,0.06364501269630467,False,False,1.170058503,False,False
2025-06-01 09:32:46.148307415,NYSE,149.98959311148766,48,False,False,False,0.06365760305195628,False,False,1.170058503,False,False
2025-06-01 09:32:47.318365918,NYSE,149.9897877453462,263,False,False,False,0.0636560690705987,False,False,1.170058503,False,False
2025-06-01 09:32:48.488424421,NYSE,149.99005762814045,296,False,False,False,0.06365394202457392,False,False,1.170058503,False,False
2025-06-01 09:32:49.658482924,BATS,149.99084945101222,315,False,False,False,0.06364770137593802,False,False,1.170058503,False,False
2025-06-01 09:32:50.828541427,NASDAQ,149.98962250030135,292,False,False,False,0.06365737142785625,False,False,1.170058503,False,False
2025-06-01 09:32:51.998599929,NASDAQ,149.98831204368827,172,False,False,False,0.06366769962064578,False,False,1.170058502,False,False
2025-06-01 09:32:53.168658432,NYSE,149.98884398525388,364,False,False,False,0.0636635071926115,False,False,1.170058503,False,False
2025-06-01 09:32:54.338716935,NASDAQ,149.98915096992712,31,False,False,False,0.06366108773296893,False,False,1.170058503,False,False
2025-06-01 09:32:55.508775438,NYSE,149.98941146277747,170,False,False,False,0.06365903469256165,False,False,1.170058503,False,False
2025-06-01 09:32:56.678833941,NYSE,149.98976791098696,44,False,False,False,0.06365622539251287,False,False,1.170058503,False,False
2025-06-01 09:32:57.848892444,BATS,149.98909788626537,427,False,False,False,0.06366150610492195,False,False,1.170058503,False,False
2025-06-01 09:32:59.018950947,NYSE,149.98934013996254,43,False,False,False,0.06365959681402035,False,False,1.170058503,False,False
2025-06-01 09:33:00.189009450,NASDAQ,149.98964321243585,431,False,False,False,0.063657208187871,False,False,1.170058503,False,False
2025-06-01 09:33:01.359067953,BATS,149.98893886101783,134,False,False,False,0.06366275944165864,False,False,1.170058503,False,False
2025-06-01 09:33:02.529126456,ARCA,149.99081463552895,349,False,False,False,0.06364797576962623,False,False,1.170058503,False,False
2025-06-01 09:33:03.699184959,BATS,149.99129846844988,219,False,False,False,0.0636441625035971,False,False,1.170058503,False,False
2025-06-01 09:33:04.869243462,NYSE,149.99011716495266,491,False,False,False,0.06365347279295762,False,False,1.170058503,False,False
2025-06-01 09:33:06.039301965,NASDAQ,149.99078371856132,450,False,False,False,0.06364821943767215,False,False,1.170058503,False,False
2025-06-01 09:33:07.209360468,NYSE,149.98981903689108,86,False,False,False,0.06365582245037114,False,False,1.170058503,False,False
2025-06-01 09:33:08.379418970,NYSE,149.9906161214948,251,False,False,False,0.06364954033208145,False,False,1.170058502,False,False
2025-06-01 09:33:09.549477473,NASDAQ,149.99178471707384,265,False,False,False,0.06364033019851982,False,False,1.170058503,False,False
2025-06-01 09:33:10.719535976,BATS,149.99097403475548,11,False,False,False,0.06364671948542293,False,False,1.170058503,False,False
2025-06-01 09:33:11.889594479,NYSE,149.99194741088473,80,False,False,False,0.06363904794847981,False,False,1.170058503,False,False
2025-06-01 09:33:13.059652982,NYSE,149.99237019181166,109,False,False,False,0.06363571585577454,False,False,1.170058503,False,False
2025-06-01 09:33:14.229711485,NASDAQ,149.99320225197164,461,False,False,False,0.06362915808220239,False,False,1.170058503,False,False
2025-06-01 09:33:15.399769988,NYSE,149.99510904495432,118,False,False,False,0.0636141299421341,False,False,1.170058503,False,False
2025-06-01 09:33:16.569828491,NASDAQ,149.9948736568383,252,False,False,False,0.06361598512285374,False,False,1.170058503,False,False
2025-06-01 09:33:17.739886994,NYSE,149.99412992067394,18,False,False,False,0.06362184678238023,False,False,1.170058503,False,False
2025-06-01 09:33:18.909945497,NYSE,149.99325040624433,256,False,False,False,0.06362877856058602,False,False,1.170058503,False,False
2025-06-01 09:33:20.080004000,NASDAQ,149.99244459595934,245,False,False,False,0.06363512944919388,False,False,1.170058503,False,False
2025-06-01 09:33:21.250062503,BATS,149.99237749424995,153,False,False,False,0.06363565830256007,False,False,1.170058503,False,False
2025-06-01 09:33:22.420121006,NASDAQ,149.99272864622475,97,False,False,False,0.06363289074409388,False,False,1.170058503,False,False
2025-06-01 09:33:23.590179508,BATS,149.99301533702408,458,False,False,False,0.06363063122797036,False,False,1.170058502,False,False
2025-06-01 09:33:24.760238011,NYSE,149.99385252027312,186,False,False,False,0.06362403307744023,False,False,1.170058503,False,False
2025-06-01 09:33:25.930296514,BATS,149.993875522165,30,False,False,False,0.06362385179103092,False,False,1.170058503,False,False
2025-06-01 09:33:27.100355017,NYSE,149.99533905624216,115,False,False,False,0.06361231713818405,False,False,1.170058503,False,False
2025-06-01 09:33:28.270413520,BATS,149.9950843994089,241,False,False,False,0.06361432418278415,False,False,1.170058503,False,False
2025-06-01 09:33:29.440472023,NASDAQ,149.9978145685755,257,False,False,False,0.06359280671076784,False,False,1.170058503,False,False
2025-06-01 09:33:30.610530526,NYSE,149.9984502359233,447,False,False,False,0.06358779678151698,False,False,1.170058503,False,False
2025-06-01 09:33:31.780589029,NYSE,149.99760307836686,353,False,False,False,0.06359447354324908,False,False,1.170058503,False,False
2025-06-01 09:33:32.950647532,NASDAQ,149.9965421858688,113,False,False,False,0.06360283482903263,False,False,1.170058503,False,False
2025-06-01 09:33:34.120706035,NYSE,149.99703465828404,335,False,False,False,0.06359895347195658,False,False,1.170058503,False,False
2025-06-01 09:33:35.290764538,ARCA,149.9968211954987,29,False,False,False,0.06360063585104356,False,False,1.170058503,False,False
2025-06-01 09:33:36.460823041,NYSE,149.9975451959928,322,False,False,False,0.06359492973562687,False,False,1.170058503,False,False
2025-06-01 09:33:37.630881544,NYSE,149.99802843361738,459,False,False,False,0.0635911211613484,False,False,1.170058503,False,False
2025-06-01 09:33:38.800940047,NYSE,149.99796560470472,437,False,False,False,0.06359161633922475,False,False,1.170058503,False,False
2025-06-01 09:33:39.970998549,NYSE,149.99712881098665,226,False,False,False,0.06359821141971726,False,False,1.170058502,False,False
2025-06-01 09:33:41.141057052,NASDAQ,149.99562396376197,244,False,False,False,0.06361007167674532,False,False,1.170058503,False,False
2025-06-01 09:33:42.311115555,NASDAQ,149.9951874488099,361,False,False,False,0.06361351201237755,False,False,1.170058503,False,False
2025-06-01 09:33:43.481174058,BATS,149.99605384760423,19,False,False,False,0.06360668360333974,False,False,1.170058503,False,False
2025-06-01 09:33:44.651232561,NYSE,149.99627794134835,322,False,False,False,0.06360491743773829,False,False,1.170058503,False,False
2025-06-01 09:33:45.821291064,ARCA,149.99504220256964,112,False,False,False,0.06361465675166647,False,False,1.170058503,False,False
2025-06-01 09:33:46.991349567,NYSE,149.9952253834955,212,False,False,False,0.06361321303510328,False,False,1.170058503,False,False
2025-06-01 09:33:48.161408070,ARCA,149.99562070087524,233,False,False,False,0.06361009739276134,False,False,1.170058503,False,False
2025-06-01 09:33:49.331466573,NYSE,149.99474684343903,436,False,False,False,0.06361698458611177,False,False,1.170058503,False,False
2025-06-01 09:33:50.501525076,BATS,149.99491056854498,159,False,False,False,0.06361569420805435,False,False,1.170058503,False,False
2025-06-01 09:33:51.671583579,NASDAQ,149.9949787772634,60,False,False,False,0.06361515662994086,False,False,1.170058503,False,False
2025-06-01 09:33:52.841642082,NYSE,149.9938458069656,373,False,False,False,0.06362408598749747,False,False,1.170058503,False,False
2025-06-01 09:33:54.011700585,NYSE,149.99421359432594,324,False,False,False,0.06362118731941088,False,False,1.170058503,False,False
2025-06-01 09:33:55.181759087,NASDAQ,149.9947843788523,93,False,False,False,0.06361668875565023,False,False,1.170058502,False,False
2025-06-01 09:33:56.351817590,NYSE,149.99587743009548,248,False,False,False,0.0636080740149136,False,False,1.170058503,False,False
2025-06-01 09:33:57.521876093,NASDAQ,149.99694123214752,158,False,False,False,0.06359968979786,False,False,1.170058503,False,False
2025-06-01 09:33:58.691934596,NASDAQ,149.99557356277955,141,False,False,False,0.06361046890551121,False,False,1.170058503,False,False
2025-06-01 09:33:59.861993099,BATS,149.99464573773963,399,False,False,False,0.06361778143748793,False,False,1.170058503,False,False
2025-06-01 09:34:01.032051602,ARCA,149.99517077300683,404,False,False,False,0.06361364344054334,False,False,1.170058503,False,False
2025-06-01 09:34:02.202110105,NYSE,149.99569455895775,418,False,False,False,0.06360951528992201,False,False,1.170058503,False,False
2025-06-01 09:34:03.372168608,NYSE,149.99621960664408,220,False,False,False,0.06360537719509773,False,False,1.170058503,False,False
2025-06-01 09:34:04.542227111,NYSE,150.00008233813472,404,False,False,False,0.06357493358091684,False,False,1.170058503,False,False
2025-06-01 09:34:05.712285614,BATS,150.0006632286454,306,False,False,False,0.06357035536815947,False,False,1.170058503,False,False
2025-06-01 09:34:06.882344117,ARCA,150.00180879428558,89,False,False,False,0.0635613267420557,False,False,1.170058503,False,False
2025-06-01 09:34:08.052402620,ARCA,150.00277279604907,155,False,False,False,0.06355372908795301,False,False,1.170058503,False,False
2025-06-01 09:34:09.222461123,ARCA,,414,True,False,False,,False,False,1.170058503,False,True
2025-06-01 09:34:10.392519625,BATS,150.00312891805575,440,False,False,False,0.0635509223588291,False,False,1.170058502,False,False
2025-06-01 09:34:11.562578128,ARCA,150.00389788727625,233,False,False,False,0.06354486182826345,False,False,1.170058503,False,False
2025-06-01 09:34:12.732636631,NYSE,150.00313506206172,468,False,False,False,0.06355087393564783,False,False,1.170058503,False,False
2025-06-01 09:34:13.902695134,ARCA,150.00290824345495,193,False,False,False,0.06355266157689861,False,False,1.170058503,False,False
2025-06-01 09:34:15.072753637,BATS,150.00243287990713,99,False,False,False,0.06355640809266874,False,False,1.170058503,False,False
2025-06-01 09:34:16.242812140,NYSE,150.00252475404653,439,False,False,False,0.06355568399862807,False,False,1.170058503,False,False
2025-06-01 09:34:17.412870643,NYSE,150.0048494126132,113,False,False,False,0.0635373625054885,False,False,1.170058503,False,False
2025-06-01 09:34:18.582929146,NYSE,150.0029921474206,107,False,False,False,0.06355200029874232,False,False,1.170058503,False,False
2025-06-01 09:34:19.752987649,BATS,150.00368840761098,24,False,False,False,0.06354651281490949,False,False,1.170058503,False,False
2025-06-01 09:34:20.923046152,NASDAQ,2607.369361294534,281,False,False,False,19.303860366993604,True,True,1.170058503,False,True
2025-06-01 09:34:22.093104655,NYSE,150.001623759874,488,False,False,False,0.06356278506662466,False,False,1.170058503,False,False
2025-06-01 09:34:23.263163158,BATS,150.00272271047098,437,False,False,False,0.06355412383090091,False,False,1.170058503,False,False
2025-06-01 09:34:24.433221661,NYSE,150.00279699049003,204,False,False,False,0.06355353840262386,False,False,1.170058503,False,False
2025-06-01 09:34:25.603280164,BATS,150.00172924571214,11,False,False,False,0.06356195369375665,False,False,1.170058503,False,False
2025-06-01 09:34:26.773338666,BATS,150.0010239420029,350,False,False,False,0.06356751245290336,False,False,1.170058502,False,False
2025-06-01 09:34:27.943397169,ARCA,150.00171353975182,316,False,False,False,0.0635620774782334,False,False,1.170058503,False,False
2025-06-01 09:34:29.113455672,NYSE,150.0009931731201,205,False,False,False,0.06356775495383794,False,False,1.170058503,False,False
2025-06-01 09:34:30.283514175,ARCA,150.0012196317097,431,False,False,False,0.06356597015001551,False,False,1.170058503,False,False
2025-06-01 09:34:31.453572678,NYSE,150.00127520354957,409,False,False,False,0.06356553216781127,False,False,1.170058503,False,False
2025-06-01 09:34:32.623631181,NASDAQ,150.00063360320198,25,False,False,False,0.06357058885722594,False,False,1.170058503,False,False
2025-06-01 09:34:33.793689684,NASDAQ,150.0027875472913,401,False,False,False,0.0635536128279624,False,False,1.170058503,False,False
2025-06-01 09:34:34.963748187,NASDAQ,150.00343146631363,140,False,False,False,0.06354853786421531,False,False,1.170058503,False,False
2025-06-01 09:34:36.133806690,ARCA,150.00141632372697,123,False,False,False,0.06356441994754838,False,False,1.170058503,False,False
2025-06-01 09:34:37.303865193,NASDAQ,150.00161277804173,499,False,False,False,0.06356287161850267,False,False,1.170058503,False,False
2025-06-01 09:34:38.473923696,ARCA,150.00096099157696,436,False,False,False,0.06356800858847066,False,False,1.170058503,False,False
2025-06-01 09:34:39.643982199,NYSE,150.00182342491175,11,False,False,False,0.06356121143268476,False,False,1.170058503,False,False
2025-06-01 09:34:40.814040702,NYSE,,266,True,False,False,,False,False,1.170058503,False,True
2025-06-01 09:34:41.984099204,NASDAQ,150.00093616773185,81,False,False,False,0.06356820423436653,False,False,1.170058502,False,False
2025-06-01 09:34:43.154157707,NYSE,150.00145115501084,444,False,False,False,0.06356414542932984,False,False,1.170058503,False,False
2025-06-01 09:34:44.324216210,ARCA,150.002326910205,310,False,False,False,0.06355724327904771,False,False,1.170058503,False,False
2025-06-01 09:34:45.494274713,BATS,150.00113661379794,109,False,False,False,0.06356662444485363,False,False,1.170058503,False,False
2025-06-01 09:34:46.664333216,NASDAQ,150.0008121125621,208,False,False,False,0.06356918195899848,False,False,1.170058503,False,False
2025-06-01 09:34:47.834391719,BATS,150.00034716725094,319,False,False,False,0.06357284636479593,False,False,1.170058503,False,False
2025-06-01 09:34:49.004450222,NASDAQ,149.99970383801838,244,False,False,False,0.06357791668019186,False,False,1.170058503,False,False
2025-06-01 09:34:50.174508725,NYSE,150.0014792922587,276,False,False,False,0.06356392366928262,False,False,1.170058503,False,False
2025-06-01 09:34:51.344567228,NASDAQ,150.0018942739696,497,False,False,False,0.06356065304508057,False,False,1.170058503,False,False
2025-06-01 09:34:51.344567228,NASDAQ,150.0018942739696,497,False,False,False,0.06356065304508057,False,False,0.0,False,False
2025-06-01 09:34:52.514625731,NASDAQ,150.00064339001528,261,False,False,False,0.06357051172373397,False,False,1.170058503,False,False
2025-06-01 09:34:53.684684234,ARCA,150.00157125196233,297,False,False,False,0.06356319890087857,False,False,1.170058503,False,False
2025-06-01 09:34:54.854742737,NYSE,150.00370340815934,374,False,False,False,0.06354639459004507,False,False,1.170058503,False,False
2025-06-01 09:34:56.024801240,NASDAQ,150.0047458734199,63,False,False,False,0.06353817853612931,False,False,1.170058503,False,False
2025-06-01 09:34:57.194859742,NYSE,150.00323650345393,184,False,False,False,0.06355007443855255,False,False,1.170058502,False,False
2025-06-01 09:34:58.364918245,NYSE,150.0027622693811,32,False,False,False,0.06355381205251301,False,False,1.170058503,False,False
2025-06-01 09:34:59.534976748,NASDAQ,150.00403918053027,283,False,False,False,0.0635437482439198,False,False,1.170058503,False,False
2025-06-01 09:35:00.705035251,NYSE,150.00334151106466,324,False,False,False,0.06354924683477144,False,False,1.170058503,False,False
2025-06-01 09:35:01.875093754,BATS,150.0037953304928,361,False,False,False,0.06354567011616916,False,False,1.170058503,False,False
2025-06-01 09:35:03.045152257,NASDAQ,150.00457996454622,432,False,False,False,0.06353948612526704,False,False,1.170058503,False,False
2025-06-01 09:35:04.215210760,NYSE,150.00366303407463,7,False,False,False,0.06354671279312511,False,False,1.170058503,False,False
2025-06-01 09:35:05.385269263,NASDAQ,150.0036135087186,174,False,False,False,0.06354710312075604,False,False,1.170058503,False,False
2025-06-01 09:35:06.555327766,NYSE,150.0003822413785,462,False,False,False,0.06357256993263648,False,False,1.170058503,False,False
2025-06-01 09:35:07.725386269,BATS,149.99936785373717,359,False,False,False,0.06358056469646033,False,False,1.170058503,False,False
2025-06-01 09:35:08.895444772,NYSE,149.9991252855858,472,False,False,False,0.06358247646569176,False,False,1.170058503,False,False
2025-06-01 09:35:10.065503275,NYSE,,368,True,False,False,,False,False,1.170058503,False,True
2025-06-01 09:35:11.235561778,NASDAQ,149.99952991370776,146,False,False,False,0.06357928744194993,False,False,1.170058503,False,False
2025-06-01 09:35:12.405620281,ARCA,149.9981097723298,252,False,False,False,0.06359048010090067,False,False,1.170058503,False,False
2025-06-01 09:35:13.575678783,BATS,149.9976797278431,166,False,False,False,0.06359386944040449,False,False,1.170058502,False,False
2025-06-01 09:35:14.745737286,NYSE,149.99782046842037,103,False,False,False,0.06359276021191043,False,False,1.170058503,False,False
2025-06-01 09:35:15.915795789,NYSE,149.99927174170944,499,False,False,False,0.06358132219086488,False,False,1.170058503,False,False
2025-06-01 09:35:17.085854292,NASDAQ,149.99784587955827,488,False,False,False,0.06359255993734308,False,False,1.170058503,False,False
2025-06-01 09:35:18.255912795,BATS,149.99901904331043,193,False,False,False,0.06358331380032109,False,False,1.170058503,False,False
2025-06-01 09:35:19.425971298,NYSE,149.99903927637143,17,False,False,False,0.06358315433609105,False,False,1.170058503,False,False
2025-06-01 09:35:20.596029801,NASDAQ,149.9980677677204,90,False,False,False,0.06359081115474818,False,False,1.170058503,False,False
2025-06-01 09:35:21.766088304,NYSE,149.99853987119465,371,False,False,False,0.06358709033282256,False,False,1.170058503,False,False
2025-06-01 09:35:22.936146807,NYSE,149.99874893089023,86,False,False,False,0.06358544265611286,False,False,1.170058503,False,False
2025-06-01 09:35:24.106205310,NASDAQ,149.99815871401307,103,False,False,False,0.06359009437341052,False,False,1.170058503,False,False
2025-06-01 09:35:25.276263813,NYSE,149.99823851609807,82,False,False,False,0.06358946542369129,False,False,1.170058503,False,False
2025-06-01 09:35:26.446322316,NYSE,149.9978632025012,126,False,False,False,0.06359242340882885,False,False,1.170058503,False,False
2025-06-01 09:35:27.616380819,NYSE,149.99798671984647,38,False,False,False,0.06359144992299046,False,False,1.170058503,False,False
2025-06-01 09:35:28.786439321,NASDAQ,149.99865885052097,348,False,False,False,0.06358615261278827,False,False,1.170058502,False,False
2025-06-01 09:35:29.956497824,NYSE,150.00025486733713,213,False,False,False,0.063573573814522,False,False,1.170058503,False,False
2025-06-01 09:35:31.126556327,NASDAQ,149.99902705183828,319,False,False,False,0.06358325068215386,False,False,1.170058503,False,False
2025-06-01 09:35:32.296614830,ARCA,150.00117008521295,486,False,False,False,0.06356636064426405,False,False,1.170058503,False,False
2025-06-01 09:35:33.466673333,NYSE,149.9992279974134,225,False,False,False,0.06358166695582562,False,False,1.170058503,False,False
2025-06-01 09:35:34.636731836,NASDAQ,,222,True,False,False,,False,False,1.170058503,False,True
2025-06-01 09:35:35.806790339,BATS,149.99968452952487,426,False,False,False,0.06357806885756379,False,False,1.170058503,False,False
2025-06-01 09:35:36.976848842,NYSE,149.9999755213926,247,False,False,False,0.06357577544313092,False,False,1.170058503,False,False
2025-06-01 09:35:38.146907345,NYSE,149.99936282187278,136,False,False,False,0.06358060435444289,False,False,1.170058503,False,False
2025-06-01 09:35:39.316965848,NYSE,149.99916469962244,286,False,False,False,0.0635821658291052,False,False,1.170058503,False,False
2025-06-01 09:35:40.487024351,NASDAQ,149.99868169868776,231,False,False,False,0.06358597253794324,False,False,1.170058503,False,False
2025-06-01 09:35:41.657082854,NASDAQ,149.99810233393083,320,False,False,False,0.06359053872567146,False,False,1.170058503,False,False
2025-06-01 09:35:42.827141357,NYSE,149.99896193602785,9,False,False,False,0.06358376388391654,False,False,1.170058503,False,False
2025-06-01 09:35:43.997199859,BATS,149.9993289515138,225,False,False,False,0.06358087129925728,False,False,1.170058502,False,False
2025-06-01 09:35:45.167258362,BATS,149.99864604191856,313,False,False,False,0.0635862535621167,False,False,1.170058503,False,False
2025-06-01 09:35:46.337316865,NYSE,149.999555641794,107,False,False,False,0.06357908466939567,False,False,1.170058503,False,False
2025-06-01 09:35:47.507375368,BATS,149.99987294131486,187,False,False,False,0.06357658391462755,False,False,1.170058503,False,False
2025-06-01 09:35:48.677433871,NYSE,150.0006958034337,221,False,False,False,0.06357009863421635,False,False,1.170058503,False,False
2025-06-01 09:35:49.847492374,NASDAQ,150.00133543227562,95,False,False,False,0.06356505748296634,False,False,1.170058503,False,False
2025-06-01 09:35:51.017550877,NYSE,150.0005164372647,195,False,False,False,0.0635715122852711,False,False,1.170058503,False,False
2025-06-01 09:35:52.187609380,NASDAQ,149.9999662562245,242,False,False,False,0.06357584846534428,False,False,1.170058503,False,False
2025-06-01 09:35:53.357667883,NYSE,150.00072354982964,230,False,False,False,0.06356987995461745,False,False,1.170058503,False,False
2025-06-01 09:35:54.527726386,NASDAQ,150.00134392009505,331,False,False,False,0.06356499058732512,False,False,1.170058503,False,False
2025-06-01 09:35:55.697784889,NYSE,150.0013330185011,5,False,False,False,0.06356507650681527,False,False,1.170058503,False,False
2025-06-01 09:35:56.867843392,BATS,150.0014603458844,351,False,False,False,0.06356407299265926,False,False,1.170058503,False,False
2025-06-01 09:35:58.037901895,NYSE,150.0027480107802,468,False,False,False,0.06355392442981524,False,False,1.170058503,False,False
2025-06-01 09:35:59.207960398,NYSE,150.00216643939137,4,False,False,False,0.06355850800882486,False,False,1.170058503,False,False
2025-06-01 09:36:00.378018900,NYSE,150.00272353677252,264,False,False,False,0.06355411731851311,False,False,1.170058502,False,False
2025-06-01 09:36:01.548077403,NYSE,150.0025313441201,426,False,False,False,0.06355563205982333,False,False,1.170058503,False,False
2025-06-01 09:36:02.718135906,BATS,150.0023236629169,253,False,False,False,0.06355726887212518,False,False,1.170058503,False,False
2025-06-01 09:36:03.888194409,ARCA,150.00343243976886,163,False,False,False,0.06354853019205495,False,False,1.170058503,False,False
2025-06-01 09:36:05.058252912,BATS,150.00426785611785,141,False,False,False,0.06354194596711706,False,False,1.170058503,False,False
2025-06-01 09:36:06.228311415,BATS,150.00509136575386,497,False,False,False,0.06353545558338379,False,False,1.170058503,False,False
2025-06-01 09:36:07.398369918,NYSE,150.006406844561,389,False,False,False,0.06352508780882704,False,False,1.170058503,False,False
2025-06-01 09:36:08.568428421,NYSE,150.00643784840264,296,False,False,False,0.06352484345609506,False,False,1.170058503,False,False
2025-06-01 09:36:09.738486924,NASDAQ,150.00712980137394,19,False,False,False,0.0635193899190474,False,False,1.170058503,False,False
2025-06-01 09:36:10.908545427,ARCA,150.00682953461734,82,False,False,False,0.06352175643230656,False,False,1.170058503,False,False
2025-06-01 09:36:12.078603930,NASDAQ,150.0071637009698,481,False,False,False,0.06351912274380618,False,False,1.170058503,False,False
2025-06-01 09:36:13.248662433,NYSE,150.00704355791547,381,False,False,False,0.06352006963561109,False,False,1.170058503,False,False
2025-06-01 09:36:14.418720936,NYSE,150.00715055388045,4,False,False,False,0.06351922636087537,False,False,1.170058503,False,False
2025-06-01 09:36:15.588779438,NYSE,150.00775571090588,128,False,False,False,0.06351445689474869,False,False,1.170058502,False,False
2025-06-01 09:36:16.758837941,NYSE,150.00694749022264,187,False,False,False,0.06352082678059583,False,False,1.170058503,False,False
2025-06-01 09:36:17.928896444,BATS,150.00904987749834,146,False,False,False,0.06350425708963098,False,False,1.170058503,False,False
2025-06-01 09:36:19.098954947,NYSE,150.00805386011683,494,False,False,False,0.06351210707064922,False,False,1.170058503,False,False
2025-06-01 09:36:20.269013450,BATS,150.00684967150406,152,False,False,False,0.06352159772606163,False,False,1.170058503,False,False
2025-06-01 09:36:21.439071953,ARCA,150.00801778237755,363,False,False,False,0.06351239141264345,False,False,1.170058503,False,False
2025-06-01 09:36:22.609130456,BATS,150.0088194450715,93,False,False,False,0.06350607321273304,False,False,1.170058503,False,False
2025-06-01 09:36:23.779188959,ARCA,150.00945356488856,31,False,False,False,0.06350107548014368,False,False,1.170058503,False,False
2025-06-01 09:36:24.949247462,NYSE,150.01009191039782,314,False,False,False,0.06349604444331261,False,False,1.170058503,False,False
2025-06-01 09:36:26.119305965,ARCA,150.010089663625,28,False,False,False,0.06349606215095942,False,False,1.170058503,False,False
2025-06-01 09:36:27.289364468,NYSE,150.0092024092535,137,False,False,False,0.0635030549305071,False,False,1.170058503,False,False
2025-06-01 09:36:28.459422971,BATS,150.0092882138117,429,False,False,False,0.06350237867307876,False,False,1.170058503,False,False
2025-06-01 09:36:29.629481474,NYSE,150.00862105210018,90,False,False,False,0.0635076368210475,False,False,1.170058503,False,False
2025-06-01 09:36:30.799539976,NASDAQ,150.0096061718336,49,False,False,False,0.06349987272842053,False,False,1.170058502,False,False
2025-06-01 09:36:31.969598479,NYSE,150.0094691144521,367,False,False,False,0.06350095292828785,False,False,1.170058503,False,False
2025-06-01 09:36:33.139656982,NYSE,150.0086536172553,258,False,False,False,0.06350738016302694,False,False,1.170058503,False,False
2025-06-01 09:36:34.309715485,ARCA,150.00834223141365,6,False,False,False,0.06350983430990402,False,False,1.170058503,False,False
2025-06-01 09:36:35.479773988,BATS,150.00876516286792,29,False,False,False,0.06350650103083716,False,False,1.170058503,False,False
2025-06-01 09:36:36.649832491,NASDAQ,150.00821143831513,410,False,False,False,0.06351086513864232,False,False,1.170058503,False,False
2025-06-01 09:36:37.819890994,NASDAQ,150.00739921791956,156,False,False,False,0.06351726654770029,False,False,1.170058503,False,False
2025-06-01 09:36:38.989949497,BATS,150.00765290513104,263,False,False,False,0.0635152671450476,False,False,1.170058503,False,False
2025-06-01 09:36:40.160008000,NYSE,,34,True,False,False,,False,False,1.170058503,False,True
2025-06-01 09:36:41.330066503,BATS,150.00741092852678,440,False,False,False,0.0635171742520776,False,False,1.170058503,False,False
2025-06-01 09:36:42.500125006,NASDAQ,150.00694989022116,237,False,False,False,0.06352080786532066,False,False,1.170058503,False,False
2025-06-01 09:36:43.670183509,NASDAQ,150.00719194015852,138,False,False,False,0.06351890018032542,False,False,1.170058503,False,False
2025-06-01 09:36:44.840242012,ARCA,150.00575385581703,368,False,False,False,0.06353023425440171,False,False,1.170058503,False,False
2025-06-01 09:36:46.010300515,NASDAQ,150.00435639204264,489,False,False,False,0.06354124818277922,False,False,1.170058503,False,False
2025-06-01 09:36:47.180359017,NASDAQ,150.0036479478214,488,False,False,False,0.06354683169346126,False,False,1.170058502,False,False
2025-06-01 09:36:48.350417520,ARCA,150.00344450066967,57,False,False,False,0.06354843513563906,False,False,1.170058503,False,False
2025-06-01 09:36:49.520476023,ARCA,150.0037654082353,175,False,False,False,0.06354590594453705,False,False,1.170058503,False,False
2025-06-01 09:36:50.690534526,ARCA,150.00525076445223,214,False,False,False,0.06353419930334311,False,False,1.170058503,False,False
2025-06-01 09:36:51.860593029,NASDAQ,150.00611842407542,27,False,False,False,0.06352736095724712,False,False,1.170058503,False,False
2025-06-01 09:36:53.030651532,NYSE,150.00596848554548,295,False,False,False,0.06352854267820482,False,False,1.170058503,False,False
2025-06-01 09:36:54.200710035,NYSE,150.00595946933757,406,False,False,False,0.06352861373827091,False,False,1.170058503,False,False
2025-06-01 09:36:55.370768538,NYSE,150.00496693997292,119,False,False,False,0.06353643622893947,False,False,1.170058503,False,False
2025-06-01 09:36:56.540827041,BATS,150.00495842683694,147,False,False,False,0.06353650332410979,False,False,1.170058503,False,False
2025-06-01 09:36:57.710885544,NYSE,150.00467976819803,356,False,False,False,0.06353869953580908,False,False,1.170058503,False,False
2025-06-01 09:36:58.880944047,NASDAQ,150.00501248675835,265,False,False,False,0.06353607725789367,False,False,1.170058503,False,False
2025-06-01 09:37:00.051002550,ARCA,150.0041952558148,403,False,False,False,0.06354251815693159,False,False,1.170058503,False,False
2025-06-01 09:37:01.221061053,ARCA,150.00472460232905,258,False,False,False,0.06353834618145605,False,False,1.170058503,False,False
2025-06-01 09:37:02.391119555,NYSE,150.00626734124205,348,False,False,False,0.06352618728603113,False,False,1.170058502,False,False
2025-06-01 09:37:03.561178058,NYSE,150.0061685810936,189,False,False,False,0.06352696565125363,False,False,1.170058503,False,False
2025-06-01 09:37:04.731236561,BATS,150.0065802928157,315,False,False,False,0.06352372079904167,False,False,1.170058503,False,False
2025-06-01 09:37:05.901295064,NASDAQ,150.0072804368074,231,False,False,False,0.06351820270553549,False,False,1.170058503,False,False
2025-06-01 09:37:07.071353567,BATS,150.0068892163355,470,False,False,False,0.0635212860586329,False,False,1.170058503,False,False
2025-06-01 09:37:08.241412070,BATS,150.0071233088173,499,False,False,False,0.06351944108928517,False,False,1.170058503,False,False
2025-06-01 09:37:09.411470573,NASDAQ,150.0071459012181,198,False,False,False,0.06351926303022647,False,False,1.170058503,False,False
2025-06-01 09:37:10.581529076,NYSE,150.00725357731665,239,False,False,False,0.06351841439510691,False,False,1.170058503,False,False
2025-06-01 09:37:11.751587579,NASDAQ,150.0064905675328,327,False,False,False,0.06352442795715017,False,False,1.170058503,False,False
2025-06-01 09:37:12.921646082,NASDAQ,150.00652507770707,70,False,False,False,0.06352415596971511,False,False,1.170058503,False,False
2025-06-01 09:37:14.091704585,NYSE,150.0070330759983,417,False,False,False,0.06352015224747345,False,False,1.170058503,False,False
2025-06-01 09:37:15.261763088,BATS,150.0084942196061,252,False,False,False,0.06350863643479882,False,False,1.170058503,False,False
2025-06-01 09:37:16.431821591,ARCA,150.00946349043218,462,False,False,False,0.06350099725326684,False,False,1.170058503,False,False
2025-06-01 09:37:17.601880094,NYSE,150.0116266728897,193,False,False,False,0.06348394841300994,False,False,1.170058503,False,False
2025-06-01 09:37:18.771938596,ARCA,150.0108693253268,25,False,False,False,0.06348991734899762,False,False,1.170058502,False,False
2025-06-01 09:37:19.941997099,NASDAQ,,70,True,False,False,,False,False,1.170058503,False,True
2025-06-01 09:37:21.112055602,BATS,150.01194498796926,156,False,False,False,0.06348143965424849,False,False,1.170058503,False,False
2025-06-01 09:37:22.282114105,NYSE,150.0141447909025,146,False,False,False,0.0634641021944909,False,False,1.170058503,False,False
2025-06-01 09:37:23.452172608,NYSE,150.01334649261713,319,False,False,False,0.06347039387825398,False,False,1.170058503,False,False
2025-06-01 09:37:24.622231111,NYSE,150.01251677077494,219,False,False,False,0.06347693322267965,False,False,1.170058503,False,False
2025-06-01 09:37:25.792289614,NYSE,150.0119273781295,49,False,False,False,0.06348157844390245,False,False,1.170058503,False,False
2025-06-01 09:37:26.962348117,NYSE,150.0098134824052,379,False,False,False,0.06349823883720324,False,False,1.170058503,False,False
2025-06-01 09:37:28.132406620,BATS,150.0092977273835,380,False,False,False,0.06350230369310388,False,False,1.170058503,False,False
2025-06-01 09:37:29.302465123,NASDAQ,150.00854859472196,194,False,False,False,0.06350820788441873,False,False,1.170058503,False,False
2025-06-01 09:37:30.472523626,ARCA,150.00870898850843,40,False,False,False,0.06350694376172104,False,False,1.170058503,False,False
2025-06-01 09:37:31.642582129,NASDAQ,150.0090607444842,85,False,False,False,0.06350417144289999,False,False,1.170058503,False,False
2025-06-01 09:37:32.812640632,NYSE,150.01094691532344,343,False,False,False,0.06348930583356414,False,False,1.170058503,False,False
2025-06-01 09:37:33.982699134,NASDAQ,150.0119073391616,450,False,False,False,0.06348173637841303,False,False,1.170058502,False,False
2025-06-01 09:37:35.152757637,ARCA,150.01134043550596,336,False,False,False,0.06348620435559763,False,False,1.170058503,False,False
2025-06-01 09:37:36.322816140,NASDAQ,150.0104520208346,4,False,False,False,0.06349320627989725,False,False,1.170058503,False,False
2025-06-01 09:37:37.492874643,NYSE,150.01095394000612,290,False,False,False,0.06348925046944433,False,False,1.170058503,False,False
2025-06-01 09:37:38.662933146,ARCA,150.0096437067991,247,False,False,False,0.06349957690148814,False,False,1.170058503,False,False
2025-06-01 09:37:39.832991649,NYSE,150.01148516556495,5,False,False,False,0.06348506368452407,False,False,1.170058503,False,False
2025-06-01 09:37:41.003050152,NASDAQ,150.01267460568567,497,False,False,False,0.06347568926742715,False,False,1.170058503,False,False
2025-06-01 09:37:42.173108655,NASDAQ,150.01221543003356,226,False,False,False,0.06347930820040969,False,False,1.170058503,False,False
2025-06-01 09:37:43.343167158,NYSE,150.01051229550447,150,False,False,False,0.0634927312329522,False,False,1.170058503,False,False
2025-06-01 09:37:44.513225661,NYSE,150.01187616787865,238,False,False,False,0.06348198205081199,False,False,1.170058503,False,False
2025-06-01 09:37:45.683284164,ARCA,150.0117716280334,148,False,False,False,0.06348280596796066,False,False,1.170058503,False,False
2025-06-01 09:37:46.853342667,ARCA,150.01301944434536,103,False,False,False,0.06347297146653016,False,False,1.170058503,False,False
2025-06-01 09:37:48.023401170,NASDAQ,150.01143501668656,175,False,False,False,0.06348545892636495,False,False,1.170058503,False,False
2025-06-01 09:37:49.193459672,NYSE,150.01084564166362,498,False,False,False,0.06349010400869845,False,False,1.170058502,False,False
2025-06-01 09:37:50.363518175,NYSE,150.01086088536331,461,False,False,False,0.06348998386746854,False,False,1.170058503,False,False
2025-06-01 09:37:51.533576678,NYSE,150.01091786595708,236,False,False,False,0.06348953478235436,False,False,1.170058503,False,False
2025-06-01 09:37:52.703635181,NASDAQ,150.0104778004856,34,False,False,False,0.06349300310094201,False,False,1.170058503,False,False
2025-06-01 09:37:53.873693684,NYSE,150.01111065041795,172,False,False,False,0.06348801537678324,False,False,1.170058503,False,False
2025-06-01 09:37:55.043752187,NYSE,150.01005302998857,6,False,False,False,0.06349635087418445,False,False,1.170058503,False,False
2025-06-01 09:37:56.213810690,NASDAQ,150.00992065050357,440,False,False,False,0.06349739420582073,False,False,1.170058503,False,False
2025-06-01 09:37:57.383869193,BATS,150.01005094613527,285,False,False,False,0.06349636729780234,False,False,1.170058503,False,False
2025-06-01 09:37:58.553927696,BATS,150.01057538496931,225,False,False,False,0.06349223400156781,False,False,1.170058503,False,False
2025-06-01 09:37:59.723986199,NASDAQ,150.01129699984742,53,False,False,False,0.06348654668807233,False,False,1.170058503,False,False
2025-06-01 09:38:00.894044702,BATS,,257,True,False,False,,False,False,1.170058503,False,True
2025-06-01 09:38:02.064103205,NYSE,150.00865824358485,495,False,False,False,0.06350734370121437,False,False,1.170058503,False,False
2025-06-01 09:38:03.234161708,NASDAQ,150.00994592040675,59,False,False,False,0.06349719504437641,False,False,1.170058503,False,False
2025-06-01 09:38:04.404220211,BATS,150.0102882344187,432,False,False,False,0.06349449714116102,False,False,1.170058503,False,False
2025-06-01 09:38:05.574278713,BATS,150.00954974788218,246,False,False,False,0.06350031742643078,False,False,1.170058502,False,False
2025-06-01 09:38:05.574278713,BATS,150.00954974788218,246,False,False,False,0.06350031742643078,False,False,0.0,False,False
2025-06-01 09:38:06.744337216,NASDAQ,150.0111108998577,7,False,False,False,0.0634880134108564,False,False,1.170058503,False,False
2025-06-01 09:38:07.914395719,NASDAQ,150.011236574492,214,False,False,False,0.06348702292262601,False,False,1.170058503,False,False
2025-06-01 09:38:09.084454222,ARCA,150.01242587167604,416,False,False,False,0.06347764963206581,False,False,1.170058503,False,False
2025-06-01 09:38:10.254512725,NASDAQ,150.01250339015746,78,False,False,False,0.06347703868027019,False,False,1.170058503,False,False
2025-06-01 09:38:11.424571228,NASDAQ,150.01457413808234,0,False,False,True,0.0634607183507201,False,False,1.170058503,False,True
2025-06-01 09:38:12.594629731,BATS,150.01633947892478,441,False,False,False,0.0634468050472365,False,False,1.170058503,False,False
2025-06-01 09:38:13.764688234,NYSE,150.0161005147763,307,False,False,False,0.06344868841198939,False,False,1.170058503,False,False
2025-06-01 09:38:14.934746737,NASDAQ,150.01708208572725,216,False,False,False,0.0634409522886284,False,False,1.170058503,False,False
2025-06-01 09:38:16.104805240,ARCA,150.01773746167683,403,False,False,False,0.06343578702860432,False,False,1.170058503,False,False
2025-06-01 09:38:17.274863743,NYSE,150.01911609323437,283,False,False,False,0.06342492152388644,False,False,1.170058503,False,False
2025-06-01 09:38:18.444922246,NYSE,150.0181611697738,319,False,False,False,0.0634324476285293,False,False,1.170058503,False,False
2025-06-01 09:38:19.614980749,NASDAQ,150.0188572212338,444,False,False,False,0.06342696178977787,False,False,1.170058503,False,False
2025-06-01 09:38:20.785039251,NYSE,150.01992564572063,61,False,False,False,0.0634185411416076,False,False,1.170058502,False,False
2025-06-01 09:38:21.955097754,NASDAQ,150.01817690623423,61,False,False,False,0.06343232360366996,False,False,1.170058503,False,False
2025-06-01 09:38:23.125156257,NYSE,150.01700364772154,215,False,False,False,0.06344157048753477,False,False,1.170058503,False,False
2025-06-01 09:38:24.295214760,NASDAQ,150.0149744155438,382,False,False,False,0.0634575636161413,False,False,1.170058503,False,False
2025-06-01 09:38:25.465273263,NASDAQ,,45,True,False,False,,False,False,1.170058503,False,True
2025-06-01 09:38:26.635331766,NASDAQ,150.01544255096513,405,False,False,False,0.06345387406790688,False,False,1.170058503,False,False
2025-06-01 09:38:27.805390269,NYSE,150.01695490801723,172,False,False,False,0.06344195462315406,False,False,1.170058503,False,False
2025-06-01 09:38:28.975448772,NYSE,150.01703900279765,221,False,False,False,0.06344129184111603,False,False,1.170058503,False,False
2025-06-01 09:38:30.145507275,NYSE,150.01867761834322,385,False,False,False,0.06342837730652282,False,False,1.170058503,False,False
2025-06-01 09:38:31.315565778,NASDAQ,150.017307516885,95,False,False,False,0.06343917558237588,False,False,1.170058503,False,False
2025-06-01 09:38:32.485624281,NYSE,150.01561413444566,347,False,False,False,0.06345252175509572,False,False,1.170058503,False,False
2025-06-01 09:38:33.655682784,BATS,150.01556858674675,44,False,False,False,0.06345288073334093,False,False,1.170058503,False,False
2025-06-01 09:38:34.825741287,BATS,150.0159626521957,228,False,False,False,0.0634497749579282,False,False,1.170058503,False,False
2025-06-01 09:38:35.995799789,NYSE,150.0159399574476,62,False,False,False,0.06344995382362367,False,False,1.170058502,False,False
2025-06-01 09:38:37.165858292,NYSE,150.01388251534758,317,False,False,False,0.06346616928505164,False,False,1.170058503,False,False
2025-06-01 09:38:38.335916795,NYSE,150.01380339530806,219,False,False,False,0.0634667928593184,False,False,1.170058503,False,False
2025-06-01 09:38:39.505975298,NASDAQ,150.01250892580754,335,False,False,False,0.06347699505176649,False,False,1.170058503,False,False
2025-06-01 09:38:40.676033801,NYSE,150.01318859835638,89,False,False,False,0.06347163830126587,False,False,1.170058503,False,False
2025-06-01 09:38:41.846092304,NYSE,150.01356519660249,112,False,False,False,0.06346867019133293,False,False,1.170058503,False,False
2025-06-01 09:38:43.016150807,NYSE,150.01263531681616,207,False,False,False,0.0634759989175253,False,False,1.170058503,False,False
2025-06-01 09:38:44.186209310,ARCA,150.01213144989882,488,False,False,False,0.0634799700788828,False,False,1.170058503,False,False
2025-06-01 09:38:45.356267813,NASDAQ,150.01108223637692,467,False,False,False,0.06348823931833973,False,False,1.170058503,False,False
2025-06-01 09:38:46.526326316,BATS,,367,True,False,False,,False,False,1.170058503,False,True
2025-06-01 09:38:47.696384819,NYSE,150.01199469960017,306,False,False,False,0.06348104785851655,False,False,1.170058503,False,False
2025-06-01 09:38:48.866443322,NYSE,150.01101897355383,203,False,False,False,0.06348873791602451,False,False,1.170058503,False,False
2025-06-01 09:38:50.036501825,NYSE,150.01153302006932,297,False,False,False,0.06348468652549256,False,False,1.170058503,False,False
2025-06-01 09:38:51.206560328,ARCA,150.01101276245095,33,False,False,False,0.06348878686802138,False,False,1.170058503,False,False
2025-06-01 09:38:52.376618830,NYSE,150.0102298896187,489,False,False,False,0.06349495697808867,False,False,1.170058502,False,False
2025-06-01 09:38:53.546677333,NASDAQ,150.01013285925873,215,False,False,False,0.06349572171020888,False,False,1.170058503,False,False
2025-06-01 09:38:54.716735836,NYSE,150.00910761693632,12,False,False,False,0.0635038020237852,False,False,1.170058503,False,False
2025-06-01 09:38:55.886794339,BATS,150.00856396763098,2,False,False,False,0.06350808672484237,False,False,1.170058503,False,False
2025-06-01 09:38:57.056852842,NYSE,150.0073760897384,363,False,False,False,0.06351744882944209,False,False,1.170058503,False,False
2025-06-01 09:38:58.226911345,NASDAQ,150.0093508148713,149,False,False,False,0.06350188529099637,False,False,1.170058503,False,False
2025-06-01 09:38:59.396969848,ARCA,150.00939607842326,142,False,False,False,0.06350152855221827,False,False,1.170058503,False,False
2025-06-01 09:39:00.567028351,NASDAQ,150.00870635291528,290,False,False,False,0.06350696453380451,False,False,1.170058503,False,False
2025-06-01 09:39:01.737086854,NASDAQ,150.00893033282605,207,False,False,False,0.06350519926536577,False,False,1.170058503,False,False
2025-06-01 09:39:02.907145357,NASDAQ,150.00882800477632,341,False,False,False,0.06350600575053657,False,False,1.170058503,False,False
2025-06-01 09:39:04.077203860,BATS,150.0086170351768,192,False,False,False,0.06350766847990497,False,False,1.170058503,False,False
2025-06-01 09:39:05.247262363,NYSE,150.00924120187685,407,False,False,False,0.06350274919150843,False,False,1.170058503,False,False
2025-06-01 09:39:06.417320866,NYSE,150.01000870958688,341,False,False,False,0.06349670017964679,False,False,1.170058503,False,False
2025-06-01 09:39:07.587379368,BATS,150.00948820843928,306,False,False,False,0.06350080244151945,False,False,1.170058502,False,False
2025-06-01 09:39:08.757437871,NASDAQ,150.00892239019862,398,False,False,False,0.06350526186414741,False,False,1.170058503,False,False
2025-06-01 09:39:09.927496374,ARCA,150.00865733850148,469,False,False,False,0.06350735083451083,False,False,1.170058503,False,False
2025-06-01 09:39:11.097554877,NASDAQ,150.00636541733675,252,False,False,False,0.06352541431208905,False,False,1.170058503,False,False
2025-06-01 09:39:12.267613380,NASDAQ,150.00486022627456,204,False,False,False,0.0635372772790276,False,False,1.170058503,False,False
2025-06-01 09:39:13.437671883,NYSE,150.006237100542,362,False,False,False,0.06352642562416239,False,False,1.170058503,False,False
2025-06-01 09:39:14.607730386,BATS,150.0078920682555,46,False,False,False,0.06351338221209146,False,False,1.170058503,False,False
2025-06-01 09:39:15.777788889,NASDAQ,150.00765303221593,374,False,False,False,0.06351526614344463,False,False,1.170058503,False,False
2025-06-01 09:39:16.947847392,NASDAQ,150.008239589179,495,False,False,False,0.06351064327128225,False,False,1.170058503,False,False
2025-06-01 09:39:18.117905895,NYSE,150.00856083933354,261,False,False,False,0.0635081113801104,False,False,1.170058503,False,False
2025-06-01 09:39:19.287964398,ARCA,150.011649720142,66,False,False,False,0.06348376676909837,False,False,1.170058503,False,False
2025-06-01 09:39:20.458022901,NYSE,150.01277929505343,150,False,False,False,0.06347486417183648,False,False,1.170058503,False,False
2025-06-01 09:39:21.628081404,NYSE,150.01266137746194,70,False,False,False,0.06347579352394633,False,False,1.170058503,False,False
2025-06-01 09:39:22.798139906,ARCA,150.01171583702134,364,False,False,False,0.06348324567754171,False,False,1.170058502,False,False
2025-06-01 09:39:23.968198409,BATS,150.01011939070108,2,False,False,False,0.06349582786088848,False,False,1.170058503,False,False
2025-06-01 09:39:25.138256912,NASDAQ,150.01033285433695,29,False,False,False,0.06349414547509802,False,False,1.170058503,False,False
2025-06-01 09:39:26.308315415,ARCA,150.00958650359166,256,False,False,False,0.06350002774110285,False,False,1.170058503,False,False
2025-06-01 09:39:27.478373918,NYSE,150.00817424988207,61,False,False,False,0.06351115823442459,False,False,1.170058503,False,False
2025-06-01 09:39:28.648432421,NYSE,150.00753767699783,100,False,False,False,0.06351617530054295,False,False,1.170058503,False,False
2025-06-01 09:39:29.818490924,NASDAQ,150.00646612899422,384,False,False,False,0.06352462056630298,False,False,1.170058503,False,False
2025-06-01 09:39:30.988549427,NYSE,150.0081632706293,455,False,False,False,0.06351124476597263,False,False,1.170058503,False,False
2025-06-01 09:39:32.158607930,ARCA,150.00905491038623,144,False,False,False,0.06350421742358187,False,False,1.170058503,False,False
2025-06-01 09:39:33.328666433,BATS,,192,True,False,False,,False,False,1.170058503,False,True
2025-06-01 09:39:34.498724936,NYSE,150.0105468818838,353,False,False,False,0.06349245864491672,False,False,1.170058503,False,False
2025-06-01 09:39:35.668783439,BATS,150.01063425019146,353,False,False,False,0.06349177006300102,False,False,1.170058503,False,False
2025-06-01 09:39:36.838841942,NYSE,150.00978296599013,270,False,False,False,0.06349847934834649,False,False,1.170058503,False,False
2025-06-01 09:39:38.008900445,NASDAQ,150.0113160900674,299,False,False,False,0.06348639623099472,False,False,1.170058503,False,False
2025-06-01 09:39:39.178958947,ARCA,150.01186500011107,460,False,False,False,0.06348207006811486,False,False,1.170058502,False,False
2025-06-01 09:39:40.349017450,BATS,150.01083775395676,427,False,False,False,0.06349016617463075,False,False,1.170058503,False,False
2025-06-01 09:39:41.519075953,NYSE,150.01065741527867,326,False,False,False,0.06349158749038905,False,False,1.170058503,False,False
2025-06-01 09:39:42.689134456,NYSE,150.0097917970253,311,False,False,False,0.06349840974769527,False,False,1.170058503,False,False
2025-06-01 09:39:43.859192959,NYSE,150.0084189972943,204,False,False,False,0.06350922928963304,False,False,1.170058503,False,False
2025-06-01 09:39:45.029251462,NASDAQ,150.00935517484186,245,False,False,False,0.06350185092845746,False,False,1.170058503,False,False
2025-06-01 09:39:46.199309965,NASDAQ,150.01127459148233,31,False,False,False,0.06348672329667758,False,False,1.170058503,False,False
2025-06-01 09:39:47.369368468,NYSE,150.0098860239085,332,False,False,False,0.0634976671108112,False,False,1.170058503,False,False
2025-06-01 09:39:48.539426971,NASDAQ,150.0104589931452,458,False,False,False,0.0634931513285412,False,False,1.170058503,False,False
2025-06-01 09:39:49.709485474,BATS,150.00981835057607,424,False,False,False,0.06349820046934986,False,False,1.170058503,False,False
2025-06-01 09:39:50.879543977,NASDAQ,150.00934122519232,411,False,False,False,0.0635019608708,False,False,1.170058503,False,False
2025-06-01 09:39:52.049602480,NYSE,150.00875883126807,52,False,False,False,0.06350655093251513,False,False,1.170058503,False,False
2025-06-01 09:39:53.219660983,ARCA,150.00790484049838,384,False,False,False,0.06351328154932588,False,False,1.170058503,False,False
2025-06-01 09:39:54.389719485,NYSE,150.00796336212633,243,False,False,False,0.06351282031875191,False,False,1.170058502,False,False
2025-06-01 09:39:55.559777988,BATS,150.00714241200993,263,False,False,False,0.06351929052996544,False,False,1.170058503,False,False
2025-06-01 09:39:56.729836491,NYSE,150.0074228688357,174,False,False,False,0.06351708014609096,False,False,1.170058503,False,False
2025-06-01 09:39:57.899894994,NASDAQ,,100,True,False,False,,False,False,1.170058503,False,True
2025-06-01 09:39:59.069953497,NASDAQ,150.0071536826794,417,False,False,False,0.06351920170165484,False,False,1.170058503,False,False
2025-06-01 09:40:00.240012000,NASDAQ,150.00625611901734,475,False,False,False,0.06352627573253078,False,False,1.170058503,False,False
2025-06-01 09:40:01.410070503,NASDAQ,150.00568934768677,392,False,False,False,0.0635307426668125,False,False,1.170058503,False,False
2025-06-01 09:40:02.580129006,NYSE,150.0064547389126,389,False,False,False,0.06352471033574497,False,False,1.170058503,False,False
2025-06-01 09:40:03.750187509,NASDAQ,150.00696565610022,61,False,False,False,0.06352068360860223,False,False,1.170058503,False,False
2025-06-01 09:40:04.920246012,NASDAQ,150.00599810085544,456,False,False,False,0.06352830926900402,False,False,1.170058503,False,False
2025-06-01 09:40:06.090304515,NYSE,150.00610743316085,360,False,False,False,0.0635274475807061,False,False,1.170058503,False,False
2025-06-01 09:40:07.260363018,ARCA,150.00686882028424,188,False,False,False,0.06352144680744941,False,False,1.170058503,False,False
2025-06-01 09:40:08.430421521,BATS,,469,True,False,False,,False,False,1.170058503,False,True
2025-06-01 09:40:09.600480024,BATS,150.00576277519548,408,False,False,False,0.06353016395748443,False,False,1.170058503,False,False
2025-06-01 09:40:10.770538526,NASDAQ,150.00511015143655,7,False,False,False,0.06353530752647701,False,False,1.170058502,False,False
2025-06-01 09:40:11.940597029,NYSE,150.00569075010517,189,False,False,False,0.06353073161383484,False,False,1.170058503,False,False
2025-06-01 09:40:13.110655532,NASDAQ,150.0049374909486,83,False,False,False,0.06353666832758166,False,False,1.170058503,False,False
2025-06-01 09:40:14.280714035,BATS,150.00314260884792,351,False,False,False,0.06355081445663716,False,False,1.170058503,False,False
2025-06-01 09:40:15.450772538,NYSE,150.00152506641004,420,False,False,False,0.06356356290628204,False,False,1.170058503,False,False
2025-06-01 09:40:16.620831041,NASDAQ,150.0015831513567,283,False,False,False,0.06356310511735468,False,False,1.170058503,False,False
2025-06-01 09:40:17.790889544,NYSE,150.00185287385844,124,False,False,False,0.06356097933465432,False,False,1.170058503,False,False
2025-06-01 09:40:18.960948047,NYSE,150.00095855723333,157,False,False,False,0.0635680277744323,False,False,1.170058503,False,False
2025-06-01 09:40:20.131006550,NYSE,1367.8352366385689,87,False,False,False,9.534633915068621,True,True,1.170058503,False,True
2025-06-01 09:40:21.301065053,ARCA,149.99995562962982,148,False,False,False,0.0635759322174635,False,False,1.170058503,False,False
2025-06-01 09:40:22.471123556,BATS,149.99989954983118,70,False,False,False,0.0635763742030784,False,False,1.170058503,False,False
2025-06-01 09:40:23.641182059,NYSE,149.99869853363143,460,False,False,False,0.0635858398555316,False,False,1.170058503,False,False
2025-06-01 09:40:24.811240562,NASDAQ,149.99805669752362,370,False,False,False,0.06359089840305959,False,False,1.170058503,False,False
2025-06-01 09:40:25.981299064,NYSE,149.99811409619494,76,False,False,False,0.06359044602292178,False,False,1.170058502,False,False
2025-06-01 09:40:27.151357567,NASDAQ,149.99726368282967,114,False,False,False,0.06359714844488648,False,False,1.170058503,False,False
2025-06-01 09:40:28.321416070,BATS,149.9968891272854,3,False,False,False,0.06360010045553133,False,False,1.170058503,False,False
2025-06-01 09:40:29.491474573,NASDAQ,149.99790542009464,234,False,False,False,0.06359209067637536,False,False,1.170058503,False,False
2025-06-01 09:40:30.661533076,BATS,149.99733852822513,167,False,False,False,0.06359655856066902,False,False,1.170058503,False,False
2025-06-01 09:40:30.661533076,BATS,149.99733852822513,167,False,False,False,0.06359655856066902,False,False,0.0,False,False
2025-06-01 09:40:31.831591579,NASDAQ,149.99818422033718,99,False,False,False,0.06358989334864548,False,False,1.170058503,False,False
2025-06-01 09:40:33.001650082,NASDAQ,149.9970645134825,124,False,False,False,0.0635987181721057,False,False,1.170058503,False,False
2025-06-01 09:40:34.171708585,NASDAQ,149.99760431766043,467,False,False,False,0.06359446377591856,False,False,1.170058503,False,False
2025-06-01 09:40:35.341767088,BATS,149.9990558862811,45,False,False,False,0.06358302342725551,False,False,1.170058503,False,False
2025-06-01 09:40:36.511825591,NASDAQ,149.99659424178097,382,False,False,False,0.06360242455715388,False,False,1.170058503,False,False
2025-06-01 09:40:37.681884094,ARCA,149.9958073465255,324,False,False,False,0.06360862636942481,False,False,1.170058503,False,False
2025-06-01 09:40:38.851942597,BATS,149.99639441865267,287,False,False,False,0.06360399943706388,False,False,1.170058503,False,False
2025-06-01 09:40:40.022001100,BATS,149.99620137326664,106,False,False,False,0.06360552089908261,False,False,1.170058503,False,False
2025-06-01 09:40:41.192059602,BATS,149.99658251914002,294,False,False,False,0.06360251694761879,False,False,1.170058502,False,False
2025-06-01 09:40:42.362118105,NYSE,149.9959885339533,481,False,False,False,0.06360719836435656,False,False,1.170058503,False,False
2025-06-01 09:40:43.532176608,NASDAQ,149.99608512374076,134,False,False,False,0.06360643710455106,False,False,1.170058503,False,False
2025-06-01 09:40:44.702235111,NASDAQ,149.99593944650536,8,False,False,False,0.06360758524067184,False,False,1.170058503,False,False
2025-06-01 09:40:45.872293614,NASDAQ,149.99711722856702,28,False,False,False,0.06359830270504616,False,False,1.170058503,False,False
2025-06-01 09:40:47.042352117,BATS,149.99738164941033,271,False,False,False,0.06359621870667491,False,False,1.170058503,False,False
2025-06-01 09:40:48.212410620,NYSE,149.99772925207242,223,False,False,False,0.06359347912165365,False,False,1.170058503,False,False
2025-06-01 09:40:49.382469123,NYSE,149.9973273751063,8,False,False,False,0.0635966464625197,False,False,1.170058503,False,False
2025-06-01 09:40:50.552527626,BATS,149.9968497688822,310,False,False,False,0.06360041065365013,False,False,1.170058503,False,False
2025-06-01 09:40:51.722586129,NYSE,149.9964272106944,134,False,False,False,0.06360374099086609,False,False,1.170058503,False,False
2025-06-01 09:40:52.892644632,NYSE,149.99683166283677,29,False,False,False,0.06360055335408457,False,False,1.170058503,False,False
2025-06-01 09:40:54.062703135,NYSE,149.99642067835595,115,False,False,False,0.06360379247463924,False,False,1.170058503,False,False
2025-06-01 09:40:55.232761638,BATS,149.99672045321284,494,False,False,False,0.06360142983822337,False,False,1.170058503,False,False
2025-06-01 09:40:56.402820141,NASDAQ,149.9988058540115,34,False,False,False,0.06358499402396074,False,False,1.170058503,False,False
2025-06-01 09:40:57.572878643,ARCA,149.99968697871492,7,False,False,False,0.06357804955459202,False,False,1.170058502,False,False
2025-06-01 09:40:58.742937146,NYSE,149.99937095518277,40,False,False,False,0.06358054025282155,False,False,1.170058503,False,False
2025-06-01 09:40:59.912995649,BATS,150.00058216910492,330,False,False,False,0.06357099422835008,False,False,1.170058503,False,False
2025-06-01 09:41:01.083054152,NYSE,150.0001840937319,397,False,False,False,0.06357413160745622,False,False,1.170058503,False,False
2025-06-01 09:41:02.253112655,NYSE,149.99815596919672,62,False,False,False,0.06359011600632244,False,False,1.170058503,False,False
2025-06-01 09:41:03.423171158,NASDAQ,149.9971578828858,86,False,False,False,0.06359798229333782,False,False,1.170058503,False,False
2025-06-01 09:41:04.593229661,NYSE,149.99529709096478,213,False,False,False,0.06361264788204148,False,False,1.170058503,False,False
2025-06-01 09:41:05.763288164,NYSE,149.99495557748074,116,False,False,False,0.06361533947600058,False,False,1.170058503,False,False
2025-06-01 09:41:06.933346667,NYSE,149.99498399585994,65,False,False,False,0.06361511550025331,False,False,1.170058503,False,False
2025-06-01 09:41:08.103405170,NYSE,149.9966704331722,297,False,False,False,0.06360182406464641,False,False,1.170058503,False,False
2025-06-01 09:41:09.273463673,BATS,,379,True,False,False,,False,False,1.170058503,False,True
2025-06-01 09:41:10.443522176,NYSE,149.99679826001716,170,False,False,False,0.06360081661404847,False,False,1.170058503,False,False
2025-06-01 09:41:11.613580679,ARCA,149.99763766559835,116,False,False,False,0.06359420094849758,False,False,1.170058503,False,False
2025-06-01 09:41:12.783639181,BATS,149.99543653028934,322,False,False,False,0.06361154890920095,False,False,1.170058502,False,False
2025-06-01 09:41:13.953697684,NYSE,149.99568214484745,116,False,False,False,0.06360961313011239,False,False,1.170058503,False,False
2025-06-01 09:41:15.123756187,NASDAQ,149.99646301004134,221,False,False,False,0.06360345884298484,False,False,1.170058503,False,False
2025-06-01 09:41:16.293814690,NASDAQ,149.99499442379556,395,False,False,False,0.0636150333138395,False,False,1.170058503,False,False
2025-06-01 09:41:17.463873193,BATS,,357,True,False,False,,False,False,1.170058503,False,True
2025-06-01 09:41:18.633931696,BATS,149.99649667424626,50,False,False,False,0.06360319352294673,False,False,1.170058503,False,False
2025-06-01 09:41:19.803990199,NASDAQ,149.99609138633235,327,False,False,False,0.06360638774675262,False,False,1.170058503,False,False
2025-06-01 09:41:20.974048702,NYSE,149.99673416819846,419,False,False,False,0.06360132174535398,False,False,1.170058503,False,False
2025-06-01 09:41:22.144107205,NASDAQ,149.99901486105625,478,False,False,False,0.0635833467622116,False,False,1.170058503,False,False
2025-06-01 09:41:23.314165708,BATS,149.99920672731133,336,False,False,False,0.06358183459335956,False,False,1.170058503,False,False
2025-06-01 09:41:24.484224211,BATS,,79,True,False,False,,False,False,1.170058503,False,True
2025-06-01 09:41:25.654282714,BATS,149.99901558699807,488,False,False,False,0.0635833410407959,False,False,1.170058503,False,False
2025-06-01 09:41:26.824341217,NASDAQ,149.9981757426286,20,False,False,False,0.06358996016459934,False,False,1.170058503,False,False
2025-06-01 09:41:27.994399719,NYSE,149.99901607844515,412,False,False,False,0.06358333716751985,False,False,1.170058502,False,False
2025-06-01 09:41:29.164458222,ARCA,149.99816999461925,379,False,False,False,0.063590005466785,False,False,1.170058503,False,False
2025-06-01 09:41:30.334516725,ARCA,149.99825156085646,37,False,False,False,0.0635893626131303,False,False,1.170058503,False,False
2025-06-01 09:41:31.504575228,NYSE,149.9977839034097,259,False,False,False,0.06359304839427055,False,False,1.170058503,False,False
2025-06-01 09:41:32.674633731,NYSE,149.99827288323544,93,False,False,False,0.06358919456358278,False,False,1.170058503,False,False
2025-06-01 09:41:33.844692234,NASDAQ,149.99861654534075,187,False,False,False,0.06358648603554558,False,False,1.170058503,False,False
2025-06-01 09:41:35.014750737,BATS,149.999664085285,357,False,False,False,0.06357822998617256,False,False,1.170058503,False,False
2025-06-01 09:41:36.184809240,NYSE,149.99916406888613,201,False,False,False,0.06358217080017112,False,False,1.170058503,False,False
2025-06-01 09:41:37.354867743,NYSE,149.99890419395084,411,False,False,False,0.06358421897056157,False,False,1.170058503,False,False
2025-06-01 09:41:38.524926246,NASDAQ,149.99793543023506,288,False,False,False,0.06359185415536978,False,False,1.170058503,False,False
2025-06-01 09:41:39.694984749,NYSE,149.997501136975,48,False,False,False,0.06359527698102643,False,False,1.170058503,False,False
2025-06-01 09:41:40.865043252,NYSE,,253,True,False,False,,False,False,1.170058503,False,True
2025-06-01 09:41:42.035101755,NASDAQ,149.99865542608467,46,False,False,False,0.06358617960203611,False,False,1.170058503,False,False
2025-06-01 09:41:43.205160258,BATS,149.9977432607605,370,False,False,False,0.06359336871400657,False,False,1.170058503,False,False
2025-06-01 09:41:44.375218760,NASDAQ,149.99862286668062,231,False,False,False,0.0635864362147303,False,False,1.170058502,False,False
2025-06-01 09:41:45.545277263,NASDAQ,149.9999885045394,95,False,False,False,0.06357567311815362,False,False,1.170058503,False,False
2025-06-01 09:41:46.715335766,NASDAQ,150.00041193944264,303,False,False,False,0.06357233587121937,False,False,1.170058503,False,False
2025-06-01 09:41:47.885394269,NASDAQ,150.00229873525518,218,False,False,False,0.06355746533623806,False,False,1.170058503,False,False
2025-06-01 09:41:49.055452772,NYSE,150.0015349460561,40,False,False,False,0.06356348504114086,False,False,1.170058503,False,False
2025-06-01 09:41:50.225511275,NYSE,150.00030029135277,387,False,False,False,0.0635732158110703,False,False,1.170058503,False,False
2025-06-01 09:41:51.395569778,NYSE,,203,True,False,False,,False,False,1.170058503,False,True
2025-06-01 09:41:52.565628281,ARCA,150.00003761541535,116,False,False,False,0.0635752860571935,False,False,1.170058503,False,False
2025-06-01 09:41:53.735686784,BATS,150.00070198107173,413,False,False,False,0.06357004994596838,False,False,1.170058503,False,False
2025-06-01 09:41:54.905745287,NASDAQ,150.0006563964008,91,False,False,False,0.06357040921560367,False,False,1.170058503,False,False
2025-06-01 09:41:56.075803790,ARCA,150.00094636502712,58,False,False,False,0.06356812386571456,False,False,1.170058503,False,False
2025-06-01 09:41:57.245862293,BATS,149.99983087597982,434,False,False,False,0.06357691544707637,False,False,1.170058503,False,False
2025-06-01 09:41:58.415920796,ARCA,150.00228662795945,495,False,False,False,0.06355756075830944,False,False,1.170058503,False,False
2025-06-01 09:41:59.585979298,NYSE,150.00242584914142,10,False,False,False,0.06355646350473126,False,False,1.170058502,False,False
2025-06-01 09:42:00.756037801,BATS,150.00254524393603,256,False,False,False,0.06355552251023783,False,False,1.170058503,False,False
2025-06-01 09:42:01.926096304,NASDAQ,150.00328101055993,317,False,False,False,0.06354972366160454,False,False,1.170058503,False,False
2025-06-01 09:42:03.096154807,BATS,,249,True,False,False,,False,False,1.170058503,False,True
2025-06-01 09:42:04.266213310,NYSE,150.00400590381594,483,False,False,False,0.06354401051000141,False,False,1.170058503,False,False
2025-06-01 09:42:05.436271813,NASDAQ,150.0032254293605,367,False,False,False,0.06355016171757487,False,False,1.170058503,False,False
2025-06-01 09:42:06.606330316,NASDAQ,150.00370689771762,377,False,False,False,0.06354636708754685,False,False,1.170058503,False,False
2025-06-01 09:42:07.776388819,BATS,150.00559892221412,317,False,False,False,0.0635314553433752,False,False,1.170058503,False,False
2025-06-01 09:42:08.946447322,BATS,150.00695434226026,407,False,False,False,0.06352077277715552,False,False,1.170058503,False,False
2025-06-01 09:42:10.116505825,NYSE,150.0085575288869,6,False,False,False,0.06350813747096351,False,False,1.170058503,False,False
2025-06-01 09:42:11.286564328,NYSE,150.00805631321046,331,False,False,False,0.0635120877369119,False,False,1.170058503,False,False
2025-06-01 09:42:12.456622831,BATS,150.0070767083902,188,False,False,False,0.0635198083644704,False,False,1.170058503,False,False
2025-06-01 09:42:13.626681334,NASDAQ,150.00696092147012,235,False,False,False,0.0635207209239715,False,False,1.170058503,False,False
2025-06-01 09:42:14.796739836,NASDAQ,150.0070266463824,371,False,False,False,0.0635202029216521,False,False,1.170058502,False,False
2025-06-01 09:42:15.966798339,BATS,150.00813083790086,411,False,False,False,0.06351150038028949,False,False,1.170058503,False,False
2025-06-01 09:42:17.136856842,BATS,150.00644837327116,183,False,False,False,0.0635247605057173,False,False,1.170058503,False,False
2025-06-01 09:42:18.306915345,NYSE,150.0079879235906,287,False,False,False,0.06351262674077637,False,False,1.170058503,False,False
2025-06-01 09:42:19.476973848,NASDAQ,150.00783991569205,123,False,False,False,0.06351379324571475,False,False,1.170058503,False,False
2025-06-01 09:42:20.647032351,BATS,150.0074230346221,158,False,False,False,0.06351707883946717,False,False,1.170058503,False,False
2025-06-01 09:42:21.817090854,BATS,150.00642093024683,323,False,False,False,0.06352497679433235,False,False,1.170058503,False,False
2025-06-01 09:42:22.987149357,NYSE,150.00477607357496,13,False,False,False,0.06353794051754809,False,False,1.170058503,False,False
2025-06-01 09:42:24.157207860,NYSE,150.00560924415893,315,False,False,False,0.06353137399231411,False,False,1.170058503,False,False
2025-06-01 09:42:25.327266363,NYSE,150.00569256212611,54,False,False,False,0.06353071733262824,False,False,1.170058503,False,False
2025-06-01 09:42:26.497324866,ARCA,150.00441260122636,360,False,False,False,0.06354080517743264,False,False,1.170058503,False,False
2025-06-01 09:42:27.667383369,NASDAQ,150.00312752245432,277,False,False,False,0.06355093335807965,False,False,1.170058503,False,False
2025-06-01 09:42:28.837441872,NASDAQ,150.00280173775502,43,False,False,False,0.06355350098767429,False,False,1.170058503,False,False
2025-06-01 09:42:30.007500375,NYSE,150.0044807592803,267,False,False,False,0.06354026799862465,False,False,1.170058503,False,False
2025-06-01 09:42:31.177558877,NYSE,150.00423116792894,109,False,False,False,0.06354223512029039,False,False,1.170058502,False,False
2025-06-01 09:42:32.347617380,NASDAQ,150.00273802497583,323,False,False,False,0.06355400313162939,False,False,1.170058503,False,False
2025-06-01 09:42:33.517675883,NASDAQ,150.00250228191177,166,False,False,False,0.06355586110982571,False,False,1.170058503,False,False
2025-06-01 09:42:34.687734386,NASDAQ,150.00223955834198,351,False,False,False,0.0635579317313572,False,False,1.170058503,False,False
2025-06-01 09:42:35.857792889,NYSE,149.99955267169906,408,False,False,False,0.06357910807781125,False,False,1.170058503,False,False
2025-06-01 09:42:37.027851392,NYSE,149.99950837683252,106,False,False,False,0.06357945718202168,False,False,1.170058503,False,False
2025-06-01 09:42:38.197909895,BATS,149.99928744230232,51,False,False,False,0.06358119844869091,False,False,1.170058503,False,False
2025-06-01 09:42:39.367968398,NYSE,,204,True,False,False,,False,False,1.170058503,False,True
2025-06-01 09:42:40.538026901,BATS,150.0018526047621,445,False,False,False,0.06356098145550206,False,False,1.170058503,False,False
2025-06-01 09:42:41.708085404,NYSE,150.00298916979165,302,False,False,False,0.06355202376653635,False,False,1.170058503,False,False
2025-06-01 09:42:42.878143907,NYSE,150.0027302811011,43,False,False,False,0.06355406416396756,False,False,1.170058503,False,False
2025-06-01 09:42:44.048202410,NASDAQ,150.00163375519233,283,False,False,False,0.06356270628982763,False,False,1.170058503,False,False
2025-06-01 09:42:45.218260913,ARCA,150.00421711499558,85,False,False,False,0.0635423458766508,False,False,1.170058503,False,False
2025-06-01 09:42:46.388319415,NYSE,150.0042863334296,217,False,False,False,0.06354180034059563,False,False,1.170058502,False,False
2025-06-01 09:42:47.558377918,NASDAQ,150.0043102627215,158,False,False,False,0.06354161174500415,False,False,1.170058503,False,False
2025-06-01 09:42:48.728436421,NASDAQ,150.0042961376344,350,False,False,False,0.06354172307003482,False,False,1.170058503,False,False
2025-06-01 09:42:49.898494924,NYSE,150.00450422239518,127,False,False,False,0.06354008307714658,False,False,1.170058503,False,False
2025-06-01 09:42:51.068553427,NYSE,150.00436986198324,191,False,False,False,0.06354114202120015,False,False,1.170058503,False,False
2025-06-01 09:42:52.238611930,ARCA,,266,True,False,False,,False,False,1.170058503,False,True
2025-06-01 09:42:53.408670433,NYSE,150.00326934103512,387,False,False,False,0.06354981563344152,False,False,1.170058503,False,False
2025-06-01 09:42:54.578728936,NASDAQ,150.00324658776492,461,False,False,False,0.06354999496037145,False,False,1.170058503,False,False
2025-06-01 09:42:54.578728936,NASDAQ,150.00324658776492,461,False,False,False,0.06354999496037145,False,False,0.0,False,False
2025-06-01 09:42:55.748787439,ARCA,150.0027131629938,60,False,False,False,0.06355419907809629,False,False,1.170058503,False,False
2025-06-01 09:42:56.918845942,NYSE,150.0020103172111,283,False,False,False,0.0635597384654157,False,False,1.170058503,False,False
2025-06-01 09:42:58.088904445,NYSE,150.00212674743878,466,False,False,False,0.06355882083576968,False,False,1.170058503,False,False
2025-06-01 09:42:59.258962948,NYSE,150.00188177022136,379,False,False,False,0.06356075159174075,False,False,1.170058503,False,False
2025-06-01 09:43:00.429021451,NYSE,150.00339576320997,429,False,False,False,0.0635488192535678,False,False,1.170058503,False,False
2025-06-01 09:43:01.599079953,NYSE,150.00075479340157,62,False,False,False,0.06356963371248242,False,False,1.170058502,False,False
2025-06-01 09:43:02.769138456,NASDAQ,150.00185630025348,408,False,False,False,0.06356095232996893,False,False,1.170058503,False,False
2025-06-01 09:43:03.939196959,BATS,150.00311238544597,302,False,False,False,0.06355105265843565,False,False,1.170058503,False,False
2025-06-01 09:43:05.109255462,NASDAQ,150.00104899521358,126,False,False,False,0.06356731499929258,False,False,1.170058503,False,False
2025-06-01 09:43:06.279313965,ARCA,150.00071630761948,462,False,False,False,0.06356993703315177,False,False,1.170058503,False,False
2025-06-01 09:43:07.449372468,NYSE,150.0003548667535,487,False,False,False,0.06357278568217124,False,False,1.170058503,False,False
2025-06-01 09:43:08.619430971,NYSE,149.9989573550588,172,False,False,False,0.06358379998822641,False,False,1.170058503,False,False
2025-06-01 09:43:09.789489474,NYSE,149.99818953837118,63,False,False,False,0.0635898514352545,False,False,1.170058503,False,False
2025-06-01 09:43:10.959547977,NYSE,149.9970889625257,260,False,False,False,0.06359852548016222,False,False,1.170058503,False,False
2025-06-01 09:43:12.129606480,NYSE,149.99885123296914,16,False,False,False,0.06358463637562768,False,False,1.170058503,False,False
2025-06-01 09:43:13.299664983,NASDAQ,149.9997969113623,179,False,False,False,0.06357718313477725,False,False,1.170058503,False,False
2025-06-01 09:43:14.469723486,BATS,150.0010784664573,330,False,False,False,0.06356708272553101,False,False,1.170058503,False,False
2025-06-01 09:43:15.639781989,ARCA,150.00181013852134,368,False,False,False,0.063561316147637,False,False,1.170058503,False,False
2025-06-01 09:43:16.809840492,NYSE,150.00069108675012,101,False,False,False,0.06357013580814247,False,False,1.170058503,False,False
2025-06-01 09:43:17.979898994,BATS,150.00017656648384,475,False,False,False,0.06357419093247942,False,False,1.170058502,False,False
2025-06-01 09:43:19.149957497,BATS,150.00067594104507,176,False,False,False,0.06357025517704039,False,False,1.170058503,False,False
2025-06-01 09:43:20.320016000,NYSE,149.99946381323616,193,False,False,False,0.06357980840419114,False,False,1.170058503,False,False
2025-06-01 09:43:20.320016000,NYSE,149.99946381323616,193,False,False,False,0.06357980840419114,False,False,0.0,False,False
2025-06-01 09:43:21.490074503,NYSE,150.00018681166634,453,False,False,False,0.06357411018641053,False,False,1.170058503,False,False
2025-06-01 09:43:22.660133006,ARCA,149.9999564862682,461,False,False,False,0.06357592546598,False,False,1.170058503,False,False
2025-06-01 09:43:23.830191509,NASDAQ,149.99959166546063,301,False,False,False,0.06357880075356794,False,False,1.170058503,False,False
2025-06-01 09:43:25.000250012,ARCA,150.00031262542885,387,False,False,False,0.06357311860165923,False,False,1.170058503,False,False
2025-06-01 09:43:26.170308515,NASDAQ,150.00076688874032,273,False,False,False,0.06356953838464846,False,False,1.170058503,False,False
2025-06-01 09:43:27.340367018,NYSE,150.00041592257452,467,False,False,False,0.06357230447868527,False,False,1.170058503,False,False
2025-06-01 09:43:28.510425521,NYSE,150.00158525237788,421,False,False,False,0.0635630885584304,False,False,1.170058503,False,False
2025-06-01 09:43:29.680484024,ARCA,150.00051418905028,261,False,False,False,0.06357153000427973,False,False,1.170058503,False,False
2025-06-01 09:43:30.850542527,NYSE,150.0011401246572,175,False,False,False,0.06356659677447442,False,False,1.170058503,False,False
2025-06-01 09:43:32.020601030,NYSE,150.0017432259152,234,False,False,False,0.06356184351061064,False,False,1.170058503,False,False
2025-06-01 09:43:33.190659532,NASDAQ,150.00144367947587,300,False,False,False,0.0635642043467832,False,False,1.170058502,False,False
2025-06-01 09:43:34.360718035,NYSE,150.0017798124981,216,False,False,False,0.06356155515823167,False,False,1.170058503,False,False
2025-06-01 09:43:35.530776538,NYSE,150.00053869892173,491,False,False,False,0.06357133683292628,False,False,1.170058503,False,False
2025-06-01 09:43:36.700835041,NASDAQ,150.00147272594094,417,False,False,False,0.0635639754208591,False,False,1.170058503,False,False
2025-06-01 09:43:37.870893544,NYSE,150.0012978238045,247,False,False,False,0.0635653538892239,False,False,1.170058503,False,False
2025-06-01 09:43:39.040952047,NASDAQ,150.00078510078396,21,False,False,False,0.06356939484880304,False,False,1.170058503,False,False
2025-06-01 09:43:40.211010550,NYSE,150.0018441100098,451,False,False,False,0.06356104840578364,False,False,1.170058503,False,False
2025-06-01 09:43:41.381069053,NASDAQ,150.00114976631926,324,False,False,False,0.06356652078497317,False,False,1.170058503,False,False
2025-06-01 09:43:42.551127556,NYSE,149.9997513050229,243,False,False,False,0.06357754257518988,False,False,1.170058503,False,False
2025-06-01 09:43:43.721186059,NYSE,149.99820467584937,288,False,False,False,0.06358973213119552,False,False,1.170058503,False,False
2025-06-01 09:43:44.891244562,BATS,149.99882068580072,280,False,False,False,0.06358487712914938,False,False,1.170058503,False,False
2025-06-01 09:43:46.061303065,NYSE,149.99755025644822,244,False,False,False,0.06359488985230793,False,False,1.170058503,False,False
2025-06-01 09:43:47.231361568,NYSE,149.9993150506302,163,False,False,False,0.06358098085725741,False,False,1.170058503,False,False
2025-06-01 09:43:48.401420071,NASDAQ,149.99724312122234,146,False,False,False,0.06359731049851147,False,False,1.170058503,False,False
2025-06-01 09:43:49.571478573,NYSE,149.99894957759062,67,False,False,False,0.06358386128532688,False,False,1.170058502,False,False
2025-06-01 09:43:49.571478573,NYSE,149.99894957759062,67,False,False,False,0.06358386128532688,False,False,0.0,False,False
2025-06-01 09:43:50.741537076,NYSE,149.99917059505782,103,False,False,False,0.06358211936500058,False,False,1.170058503,False,False
2025-06-01 09:43:51.911595579,NASDAQ,149.99908388194595,310,False,False,False,0.06358280278307625,False,False,1.170058503,False,False
2025-06-01 09:43:53.081654082,BATS,149.99854896285913,410,False,False,False,0.06358701867805537,False,False,1.170058503,False,False
2025-06-01 09:43:54.251712585,BATS,149.9989580989735,444,False,False,False,0.06358379412515969,False,False,1.170058503,False,False
2025-06-01 09:43:55.421771088,NASDAQ,149.99893046427107,125,False,False,False,0.06358401192446077,False,False,1.170058503,False,False
2025-06-01 09:43:56.591829591,NASDAQ,150.00004376615308,117,False,False,False,0.06357523758095669,False,False,1.170058503,False,False
2025-06-01 09:43:57.761888094,BATS,150.00016799380174,472,False,False,False,0.06357425849695475,False,False,1.170058503,False,False
2025-06-01 09:43:58.931946597,NYSE,150.0003282955632,251,False,False,False,0.06357299509954013,False,False,1.170058503,False,False
2025-06-01 09:44:00.102005100,NYSE,149.99997468335098,321,False,False,False,0.06357578204804655,False,False,1.170058503,False,False
2025-06-01 09:44:01.272063603,NASDAQ,149.99992773772726,435,False,False,False,0.0635761520438538,False,False,1.170058503,False,False
2025-06-01 09:44:02.442122106,NASDAQ,150.00024553949618,370,False,False,False,0.06357364733068327,False,False,1.170058503,False,False
2025-06-01 09:44:03.612180609,BATS,149.99854537110352,226,False,False,False,0.06358704698600855,False,False,1.170058503,False,False
2025-06-01 09:44:04.782239111,NYSE,149.9972071856814,188,False,False,False,0.06359759371978811,False,False,1.170058502,False,False
2025-06-01 09:44:05.952297614,NYSE,149.99796044977543,187,False,False,False,0.06359165696712721,False,False,1.170058503,False,False
2025-06-01 09:44:07.122356117,BATS,149.99814131521356,76,False,False,False,0.06359023149977845,False,False,1.170058503,False,False
2025-06-01 09:44:08.292414620,NASDAQ,149.9979673318772,273,False,False,False,0.06359160272674028,False,False,1.170058503,False,False
2025-06-01 09:44:09.462473123,NASDAQ,149.99799576581026,469,False,False,False,0.06359137862840726,False,False,1.170058503,False,False
2025-06-01 09:44:10.632531626,NYSE,149.99835334751563,149,False,False,False,0.06358856039485856,False,False,1.170058503,False,False
2025-06-01 09:44:11.802590129,NYSE,149.9978235878353,195,False,False,False,0.06359273562664863,False,False,1.170058503,False,False
2025-06-01 09:44:12.972648632,NYSE,149.99705528310992,364,False,False,False,0.06359879092008283,False,False,1.170058503,False,False
2025-06-01 09:44:14.142707135,NASDAQ,149.997261128365,284,False,False,False,0.06359716857756634,False,False,1.170058503,False,False
2025-06-01 09:44:15.312765638,ARCA,149.9962927555874,473,False,False,False,0.06360480068124637,False,False,1.170058503,False,False
2025-06-01 09:44:16.482824141,BATS,149.9967110083431,44,False,False,False,0.06360150427673165,False,False,1.170058503,False,False
2025-06-01 09:44:17.652882644,NASDAQ,149.99501842473887,454,False,False,False,0.06361484415353676,False,False,1.170058503,False,False
2025-06-01 09:44:18.822941147,BATS,149.9960575803762,446,False,False,False,0.06360665418398455,False,False,1.170058503,False,False
2025-06-01 09:44:19.992999649,NASDAQ,149.9965401778586,170,False,False,False,0.06360285065490298,False,False,1.170058502,False,False
2025-06-01 09:44:21.163058152,NYSE,149.99680620759293,94,False,False,False,0.06360075397626717,False,False,1.170058503,False,False
2025-06-01 09:44:22.333116655,NYSE,149.99779889857686,224,False,False,False,0.06359293021181733,False,False,1.170058503,False,False
2025-06-01 09:44:23.503175158,NASDAQ,149.99947437302134,278,False,False,False,0.06357972517862222,False,False,1.170058503,False,False
2025-06-01 09:44:24.673233661,NYSE,150.00049874308635,38,False,False,False,0.06357165173962881,False,False,1.170058503,False,False
2025-06-01 09:44:25.843292164,NASDAQ,149.99866786885502,270,False,False,False,0.06358608153596525,False,False,1.170058503,False,False
2025-06-01 09:44:27.013350667,BATS,149.9973982918883,482,False,False,False,0.06359608754115662,False,False,1.170058503,False,False
2025-06-01 09:44:28.183409170,NYSE,149.9967834733106,235,False,False,False,0.06360093315354674,False,False,1.170058503,False,False
2025-06-01 09:44:29.353467673,NYSE,149.9968195643608,111,False,False,False,0.0636006487066441,False,False,1.170058503,False,False
2025-06-01 09:44:30.523526176,NYSE,149.99734722338127,378,False,False,False,0.06359649003093057,False,False,1.170058503,False,False
2025-06-01 09:44:31.693584679,NASDAQ,149.99663147956812,410,False,False,False,0.06360213107239372,False,False,1.170058503,False,False
2025-06-01 09:44:32.863643182,NYSE,149.9968282463326,168,False,False,False,0.06360058028081636,False,False,1.170058503,False,False
2025-06-01 09:44:34.033701685,NASDAQ,149.99608286340023,54,False,False,False,0.06360645491912993,False,False,1.170058503,False,False
2025-06-01 09:44:35.203760188,NYSE,149.99548134559726,397,False,False,False,0.06361119570319973,False,False,1.170058503,False,False
2025-06-01 09:44:36.373818690,NASDAQ,149.9940846845004,127,False,False,False,0.063622203305379,False,False,1.170058502,False,False
2025-06-01 09:44:37.543877193,NYSE,149.99317145125428,478,False,False,False,0.06362940083403691,False,False,1.170058503,False,False
2025-06-01 09:44:38.713935696,ARCA,149.99182976664866,275,False,False,False,0.06363997514617455,False,False,1.170058503,False,False
2025-06-01 09:44:39.883994199,NASDAQ,149.9908638933957,42,False,False,False,0.0636475875501773,False,False,1.170058503,False,False
2025-06-01 09:44:41.054052702,BATS,149.9919275351923,41,False,False,False,0.06363920459615605,False,False,1.170058503,False,False
2025-06-01 09:44:42.224111205,BATS,149.99098813630349,50,False,False,False,0.0636466083459125,False,False,1.170058503,False,False
2025-06-01 09:44:43.394169708,NASDAQ,149.99363051836832,487,False,False,False,0.06362578275648306,False,False,1.170058503,False,False
2025-06-01 09:44:44.564228211,NYSE,149.9941338362692,387,False,False,False,0.06362181592212705,False,False,1.170058503,False,False
